2216 3522
1104 206 1160 245 64

310 329 393 371 Sed
423 327 607 379 sufficit,
636 329 679 369 ni
707 327 851 377 tallor,
885 326 1024 367 lenior
1056 326 1289 367 correctio:
1321 321 1446 367 οἶσθά
1475 340 1556 368 που
1583 326 1797 376 Παάπιδος
1822 325 1831 381 Ι
1863 321 2011 371 <80⁹>

302 394 536 449 Ὑπέρβολος
567 395 834 446 κατεδήδοκεν
866 392 1119 445 τάκπώματα.

250 497 510 552 Hetsgenls
540 497 592 537 rr.
625 497 661 546 1,
688 495 714 534 2
757 496 924 534 temere
955 491 1031 545 ἐγὼ
1062 503 1139 543 pro
1167 492 1241 546 γὰρ
1269 491 1326 533 ὢν
1351 494 1437 543 Β1.;
1481 496 1600 536 recte
1634 505 1702 536 vs.
1738 497 1760 536 1
1793 494 1833 535 τί
1860 506 1925 536 σοι
1955 517 2013 526 --

310 566 444 606 Kock.
477 586 534 592 —
564 563 672 604 Cum
705 573 770 602 vs.
804 563 829 601 2
865 561 928 601 Bl.
963 563 1189 612 comparat
1219 562 1415 612 Polyzeli
1446 562 1499 603 fr.
1531 563 1572 603 7.

251 635 318 674 Fr.
352 635 391 681 2,
426 634 465 672 2.
499 632 562 671 Bl.
590 630 617 670 ὅ
646 646 682 669 τι
712 632 861 670 tuetur
893 629 1053 669 collato
1085 630 1159 670 Ar.
1192 629 1304 670 Nub.
1337 631 1439 671 348.

250 702 318 742 Fr.
350 704 391 750 4,
426 702 464 740 3.
508 699 590 739 Cft.
631 698 695 738 Bl.
728 698 801 737 Ar.
834 696 942 737 Nub.
977 697 1078 745 978,
1122 699 1240 738 recte
1280 698 1529 748 improbata
1565 698 1720 739 Kockii
1751 699 2016 740 coniectura.

307 769 428 809 Idem
446 777 628 817 carpens
646 765 901 815 Bergkium,
921 764 1033 813 quod
1053 774 1116 804 vs».
1136 765 1162 804 2
1188 775 1265 814 pro
1292 763 1366 816 οὐχ
1392 765 1579 806 coniecit
1603 759 1718 817 αὖθ’,
1741 766 1845 816 quia
1859 765 1954 807 scil.
1971 766 2017 807 in

308 836 523 876 trimetris
553 835 635 874 hoc
665 834 808 873 locum
841 842 927 872 non
959 831 1137 883 habeat,
1171 833 1401 874 confundit
1430 834 1658 874 trimetros
1684 844 1786 874 cum
1812 834 2018 875 hexame-

307 904 401 944 tris.
442 902 555 942 Vera
594 901 765 941 videtur
805 899 979 950 Bergkii
1021 900 1257 951 correctio,
1300 901 1387 942 nisi
1427 901 1541 942 forte
1573 903 1773 952 praestat
1803 899 1897 942 νυνὶ
1927 903 2020 953 (pro

307 975 397 1017 νῦν)
438 966 475 1009 δ’
508 968 619 1020 ὑμῖν,
656 968 802 1008 deleta
840 968 1092 1018 negatione,
1131 978 1242 1017 quae
1274 970 1482 1019 corrupto
1514 970 1664 1010 versui
1695 970 1831 1010 inseri
1859 969 2019 1020 potuit.

308 1039 449 1079 Minus
478 1037 639 1087 placet,
671 1036 785 1085 quod
818 1035 1146 1075 dubitabundus
1170 1046 1385 1088 propono,
1420 1030 1495 1076 οὖν
1522 1047 1600 1086 pro
1627 1035 1721 1089 οὐχς
1746 1047 1828 1078 nec
1852 1036 2018 1088 accipio

307 1106 459 1146 Kockii
490 1104 642 1144 tuendi
673 1103 956 1153 negationem
989 1103 1238 1143 conamina.

247 1174 314 1214 Fr.
347 1175 388 1223 6,
422 1173 461 1212 3.
495 1172 637 1212 Verba
671 1168 776 1210 ὠθεῖ
810 1175 917 1221 κῦμα
948 1170 1057 1211 locis
1087 1170 1287 1221 Homeri,
1332 1171 1406 1212 Ar.
1438 1171 1515 1221 Eq.
1549 1172 1656 1223 692,
1690 1172 1840 1213 Alcaei
1871 1171 1924 1212 fr.
1957 1172 2015 1212 20

305 1241 498 1280 illustrat
529 1239 592 1279 Bl.
627 1261 681 1268 —-
715 1238 790 1278 Vs.
823 1239 850 1278 6
882 1236 947 1290 ῥεῖ
971 1237 1161 1277 τευθιδ
1172 1238 1188 1277 ί
1197 1249 1304 1278 οισι
1335 1249 1411 1288 pro
1437 1239 1620 1279 τευθίσιν
1647 1236 1785 1287 ὀπταῖς
1811 1239 1867 1280 ob
1891 1239 2015 1280 vitio-

305 1319 403 1348 sam
429 1317 658 1347 caesuram
684 1306 840 1346 suadet
866 1305 1002 1354 idem,
1028 1305 1133 1345 licet
1158 1316 1237 1356 pro
1264 1306 1460 1356 vulgatis
1486 1306 1654 1348 faciant
1677 1307 1831 1348 Eubul.
1848 1307 2017 1348 111212

306 1376 557 1416 Anaxandr.
599 1375 662 1414 111
699 1375 800 1424 184,
844 1373 918 1413 Ar.
952 1373 1003 1412 fr.
1038 1374 1145 1424 302,
1178 1374 1204 1413 3
1246 1373 1391 1424 Dind.,
1434 1384 1546 1423 quos
1586 1374 1706 1415 locos
1743 1374 1873 1416 affert
1901 1375 2015 1426 ipse,

306 1454 384 1483 nec
429 1443 556 1492 (quod
602 1443 736 1482 etiam
783 1441 964 1491 gravius
1005 1443 1088 1487 est)
1137 1438 1274 1488 ὀπταῖς
1315 1442 1412 1482 sine
1454 1442 1617 1482 damno
1663 1442 1819 1483 abesse
1859 1442 2015 1492 possit.

305 1512 420 1551 Num
468 1511 603 1560 igitur
648 1509 830 1549 exclusa
874 1510 944 1548 est
991 1507 1105 1548 lenis
1151 1509 1363 1549 correctio
1411 1507 1476 1561 ῥεῖ
1509 1505 1712 1549 τευθίσ’
1755 1507 1928 1558 durate?
1959 1532 2014 1541 --

304 1580 378 1619 Vs.
416 1581 483 1618 11.
517 1578 630 1618 Olim
664 1577 833 1617 correxi
869 1573 1124 1627 περινέουσιν
1155 1586 1234 1627 pro
1265 1576 1540 1629 περινάουσιν.

250 1648 318 1687 Fr.
353 1648 392 1687 7.
426 1642 465 1685 δ’
500 1645 653 1685 abesse
685 1644 815 1684 malit
845 1643 909 1683 Bl.

246 1716 312 1755 Fr.
346 1716 386 1754 9.
421 1712 620 1766 ξυγκόψαι
661 1714 706 1752 et
736 1710 963 1763 ξυνεκόπην
1004 1712 1088 1752 duo
1120 1711 1373 1762 fragmenta
1404 1712 1525 1753 ducit
1555 1712 1686 1753 idem.
1729 1712 2017 1754 Testimoniis

303 1781 454 1822 Nauck
485 1780 607 1821 addit
636 1780 702 1820 Et.
735 1789 884 1829 magn.
917 1789 956 1828 p.
992 1779 1092 1830 733,
1131 1780 1198 1819 19.

247 1850 312 1889 Fr.
351 1850 417 1899 10,
453 1850 493 1888 2.
535 1847 676 1903 πρῴην
718 1848 822 1887 ante
853 1845 1032 1898 προδοὺς
1072 1847 1257 1897 proclivi
1300 1857 1447 1887 errore
1486 1848 1657 1898 perisse
1697 1847 1805 1888 olim
1837 1847 2018 1889 conieci.

301 1917 365 1957 Bl.
403 1914 464 1958 <6
494 1914 835 1967 κατα>προδοὺς,
860 1915 938 1954 aut
970 1913 1143 1956 <οἰκεῐ>
1175 1914 1376 1967 προδούς,
1400 1915 1480 1955 sed
1502 1913 1683 1955 ἐνταῦθά
1707 1929 1788 1956 που
1805 1916 2012 1957 cohaeret

303 1996 403 2025 cum
443 1983 700 2036 ἐμπορεύεται
732 1986 813 2029 (vs.
846 1983 900 2028 3).
943 1982 1210 2033 corruptum
1251 1993 1350 2023 esse
1382 1981 1560 2034 ξενικὸν,
1589 1984 1704 2034 quod
1733 1985 1862 2034 putat
1890 1983 2013 2026 Kock

302 2051 473 2100 ξένοισιν
519 2051 738 2092 coniciens
780 2050 884 2096 (alia
924 2050 1127 2100 proponit
1167 2050 1231 2091 Bl.
1265 2050 1393 2091 Add.
1426 2061 1467 2101 p.
1499 2051 1622 2102 327),
1669 2052 2011 2101 haudquaquam

303 2121 411 2159 mihi
458 2121 702 2160 constat—
730 2117 881 2166 quidni
921 2118 1039 2158 enim
1081 2118 1448 2168 peregrinum
1490 2118 1601 2159 fori
1632 2119 1859 2169 signum
1890 2120 2011 2160 recte

301 2188 471 2228 dicatur
513 2188 646 2236 Lyco,
689 2195 819 2234 quem
861 2196 917 2225 ex
948 2186 1071 2226 Ionia
1102 2186 1335 2226 oriundum
1380 2186 1519 2226 fuisse
1558 2187 1741 2227 tradidit
1770 2186 2013 2228 scholiasta

302 2255 530 2295 Platonis?
579 2254 766 2294 Versum
818 2253 892 2292 alii
930 2253 1059 2294 aliter
1100 2255 1295 2304 tentant,
1343 2253 1408 2294 Bl.
1456 2249 1742 2307 <δι’>ἀγορᾶς
1782 2254 2013 2307 πορεύεται,

300 2323 441 2363 Naber
481 2328 629 2362 <νῦν>
667 2319 705 2360 ἀ.
731 2334 791 2371 π.,
822 2320 899 2360 sed
930 2321 1032 2369 quia
1063 2318 1213 2374 ἀγορᾶς
1238 2319 1396 2374 ἄγαλμα
1423 2321 1621 2372 Euripidi
1646 2322 1896 2363 subiectum
1925 2323 2008 2374 est,

301 2392 464 2431 mirum
495 2401 581 2432 non
611 2392 680 2431 est
710 2390 886 2439 poetam
919 2388 1086 2438 tragico
1113 2399 1235 2429 more
1262 2388 1429 2429 dixisse
1456 2386 1714 2442 ἐμπορεύεται
1738 2400 1816 2440 pro
1845 2389 2010 2443 πορεύε-

300 2474 372 2497 ται.
404 2459 521 2499 Nihil
553 2459 687 2508 igitur
719 2456 970 2497 novandum
1004 2458 1085 2496 est.

243 2526 310 2566 Fr.
347 2528 413 2577 13,
447 2527 485 2566 2.
519 2527 579 2566 De
609 2524 799 2565 formula
828 2521 933 2574 πλὴν
964 2518 1022 2575 ἄρ’
1057 2521 1094 2562 εἰ
1122 2522 1187 2563 Bl.
1220 2523 1293 2563 ci’t.
1327 2525 1402 2564 Ar.
1435 2524 1516 2564 Av.
1549 2525 1650 2566 601.
1694 2525 1872 2566 Thesm.
1905 2525 2006 2567 582.

302 2594 412 2634 Xen.
452 2593 564 2633 Heli.
607 2592 665 2632 IV
697 2593 737 2642 2,
772 2592 842 2631 21.
877 2612 930 2619 -
964 2590 1047 2630 Pro
1088 2589 1221 2630 νόθον
1260 2592 1428 2631 temere
1467 2592 1584 2632 idem
1625 2593 1811 2634 coniecit
1849 2590 2010 2645 τέκνον,

302 2664 376 2701 aut
422 2661 622 2706 (absurde
668 2660 720 2699 de
766 2659 945 2699 homine
986 2657 1152 2703 adulto)
1192 2656 1352 2709 βρέφος.
1399 2659 1493 2699 Nisi
1533 2659 1674 2711 fallor,
1712 2662 1919 2701 neutrum
1962 2658 2009 2701 τὸ

302 2727 430 2767 νόθον
463 2738 539 2778 pro
572 2725 593 2767 ὁ
625 2727 750 2774 νόθος
781 2736 881 2766 cum
915 2727 1167 2775 contemptu
1200 2725 1366 2766 dictum
1398 2728 1480 2767 est.

245 2794 310 2835 F'r.
349 2797 413 2835 16.
447 2796 528 2835 Pro
559 2794 711 2835 οἴνου
743 2793 908 2834 conieci
939 2791 1127 2843 ὕδνου,
1156 2803 1244 2833 non
1276 2793 1412 2834 etiam
1445 2793 1605 2845 οἴδνου,
1635 2797 1686 2836 ut
1715 2796 1780 2836 ait
1809 2795 1894 2847 Bi„
1927 2795 2006 2837 sed
2079 2790 2082 2792 ’

302 2862 498 2902 dicebam
524 2862 652 2901 ὕδνου
679 2862 872 2912 primum
901 2860 945 2899 in
972 2859 1133 2910 οἴδνου,
1158 2870 1269 2909 quae
1291 2861 1467 2910 sequior
1482 2863 1702 2913 scriptura
1716 2862 1821 2904 alibi
1835 2872 2008 2913 quoque

301 2933 496 2979 apparet,
530 2930 684 2970 deinde
709 2930 752 2969 in
784 2927 898 2968 οἴνου
931 2938 1028 2968 esse
1053 2928 1357 2978 depravatum.
1385 2928 1515 2970 Certa
1544 2930 1719 2971 videtur
1742 2930 2005 2972 emendatio.

242 3026 495 3071 Str-attidis
527 3030 577 3070 fr.
616 3032 651 3079 1,
689 3032 725 3069 1.
774 3028 1080 3069 Audacissime
1119 3028 1184 3069 Bl.
1227 3027 1277 3068 οὐ
1319 3027 1425 3079 μέλει
1466 3044 1534 3081 μοι
1575 3030 1789 3084 δραμάτων
1820 3041 1898 3082 pro
1929 3029 2005 3072 οὐκ

298 3094 458 3148 ἐμέλησέ
498 3112 565 3148 μοι
605 3101 745 3148 μελῶν.
789 3096 882 3137 Non
920 3098 1072 3137 tamen
1114 3097 1274 3137 iniuria
1314 3097 1459 3138 haesit
1490 3098 1534 3139 in
1566 3100 1743 3150 μελῶν.
1774 3098 1890 3140 Num
1921 3098 2006 3140 fuit

301 3162 366 3203 καὶ
406 3171 483 3204 τῶν
524 3163 595 3215 μὲν
636 3163 766 3204 ἄλλων
807 3162 882 3203 οὐκ
924 3160 1086 3215 ἐμέλησέ
1121 3178 1189 3215 μοι
1219 3163 1351 3215 μάλα
1384 3165 1455 3206 vel
1487 3164 1633 3219 μέγα,
1665 3168 1720 3207 et
1750 3167 2003 3217 reliquos

301 3233 439 3276 (sive
472 3233 699 3282 reliqua)
732 3231 953 3281 quidem
986 3241 1091 3271 non
1125 3231 1292 3272 valde
1324 3234 1486 3273 curo?
