2216 3522
1050 209 1106 248 93

248 329 480 377 posterius.
511 329 561 368 In
592 330 686 379 ipso
718 329 965 378 fragmento
993 341 1057 370 vs.
1076 332 1102 370 3
1134 334 1220 378 (τοῦ
1252 327 1288 370 δ’
1325 329 1550 382 ἐξέκρουσε,
1576 331 1646 371 τὸν
1673 328 1709 370 δ’
1740 330 1954 384 ἀνέστησεν

248 396 383 443 πάλιν)
423 397 473 437 R.
505 398 612 437 Ellis
657 403 727 436 τοῦ
768 394 803 435 δ’
840 396 1083 449 ἕξεκροίσξὶη
1126 400 1328 450 coniecit,
1370 400 1435 439 Bl.
1477 405 1548 438 τοῦ
1586 395 1624 438 δ’
1660 396 1827 450 ἕξέκρου’
1869 402 1952 446 (vel

247 460 419 511 ἐξένευ’),
447 465 503 518 εἰ,-
534 465 602 503 τὸν
633 462 668 503 δ’
705 463 894 504 ἀνένευεν
925 460 978 504 αὖ
1013 466 1151 514 πάλιν,
1180 477 1292 516 quae
1323 477 1411 506 non
1441 467 1673 516 intelleg0;
1702 478 1782 506 nec
1810 470 1953 518 magis

244 531 441 572 conicere
467 533 623 581 audeo,
657 533 770 581 quod
795 533 884 573 fere
910 534 1199 582 expectabam
1231 533 1319 572 τὸν
1350 531 1403 572 δὲ
1434 532 1700 585 διέκρουε,
1731 541 1795 588 τῷ
1822 532 1857 573 δ’
1891 534 1951 573 ἂν

248 599 465 646 iterative)
506 598 721 648 ἐπαφίει
768 600 906 648 πάλιν,
951 601 1124 641 alium
1166 602 1319 640 falsa
1364 603 1805 651 exspectatione
1846 603 1948 642 fru-

247 667 492 717 strabat,
526 667 628 706 alii
661 678 863 707 rursus
895 668 1219 717 proiciebat
1249 669 1442 718 pilam,
1476 670 1578 718 apto
1610 669 1785 718 quidem
1817 680 1950 710 sensu

246 735 323 774 sed
357 735 604 775 mutatione
632 735 749 774 iusto
779 735 958 775 maiore.
991 736 1134 785 Auget
1164 736 1429 776 emendandi
1460 735 1764 776 difficultatem
1797 737 1953 777 lacuna

250 811 314 842 vs.
347 803 586 851 sequentis.

186 868 256 908 Fr.
289 870 389 918 235,
423 871 463 909 3.
506 870 686 908 Frustra
727 869 943 909 Kockium
975 870 1206 910 defendere
1238 880 1447 920 praesens
1477 870 1608 909 πίνων
1639 871 1744 910 olim
1778 873 1947 920 monui,

246 937 515 976 assentiente
556 937 619 976 ΒΙ.
653 937 747 976 Non
778 937 923 986 agitur
953 937 1024 977 hic
1054 938 1107 977 de
1137 938 1315 987 potandi
1346 938 1774 978 consuetudine.
1807 938 1950 978 Teneo

247 1007 440 1043 veterem
475 1005 773 1043 coniecturam
810 1003 1091 1047 <ὗπο>πιὼν.

109 1109 115 1114 .
182 1071 251 1110 Fr.
270 1072 369 1118 236,
390 1073 428 1110 2.
462 1071 636 1119 Corrige
666 1070 962 1118 Φλ<ε>ιάσιος
988 1083 1045 1112 ex
1071 1073 1294 1112 constanti
1311 1073 1491 1121 antiquo
1508 1073 1724 1112 scribendi
1744 1084 1878 1113 more.
1895 1097 1944 1102 —-

244 1138 318 1178 Vs.
362 1141 402 1178 4.
451 1139 593 1178 Naber
633 1139 837 1178 lacunam
879 1141 1055 1189 supplet
1096 1140 1243 1180 verbis
1278 1141 1437 1189 σίλφιον
1470 1139 1631 1186 (καυλὸς
1663 1140 1761 1180 coll.
1795 1141 1950 1180 Eubuli

246 1206 332 1244 214
365 1205 445 1251 Bl.)
478 1204 520 1244 ἐκ
552 1206 829 1256 Καρχηδόνος,
862 1210 965 1256 apta
995 1208 1073 1246 sed
1106 1208 1402 1248 incertissima
1433 1208 1696 1247 coniectura.

185 1273 253 1313 Fr.
293 1274 392 1313 237.
450 1273 680 1313 Manifesta
734 1276 1082 1325 paratragoedia,
1131 1286 1265 1324 quare
1311 1276 1557 1314 rectissime
1603 1276 1785 1315 articulo
1831 1277 1949 1315 caret

243 1340 413 1392 γνάθοις
448 1344 578 1387 (-θοιν
620 1342 762 1387 Mein.)
797 1353 859 1381 vs.
888 1344 933 1391 3,
968 1344 1080 1391 quod
1118 1354 1275 1383 moneo
1315 1344 1368 1382 ob
1400 1343 1463 1382 Bl.
1499 1343 1579 1381 Hic
1616 1346 1732 1382 recte
1766 1345 1944 1383 verbum

242 1409 454 1447 traditum
487 1406 668 1459 στρέφειν
694 1412 773 1455 (vs.
800 1411 843 1454 4)
869 1410 1063 1450 defendit
1088 1421 1114 1450 a
1138 1411 1293 1450 Kockii
1320 1411 1583 1459 coniectura,
1612 1411 1708 1450 coll.
1726 1411 1825 1451 Eur.
1848 1412 1946 1452 Tro.

249 1476 377 1525 1242,
409 1476 637 1524 requirens
668 1474 1019 1527 ἐστραμμένα,
1056 1479 1131 1517 sed
1164 1480 1389 1527 praestare
1429 1481 1534 1527 puto
1572 1476 1943 1528 ἐστραμμένον.

243 1544 373 1584 codd.
407 1542 697 1594 ἐστραμμένοις.

184 1612 251 1652 Fr.
292 1613 392 1652 238.
440 1612 488 1651 In
532 1611 753 1651 Ciceronis
795 1613 889 1652 loco
938 1613 1087 1652 Nauck
1135 1614 1242 1663 legit
1286 1613 1551 1653 stultitia
1597 1615 1650 1652 et
1696 1624 1771 1662 pro
1812 1614 1942 1652 stul

242 1681 426 1720 titiae.
459 1679 542 1718 Vix
576 1690 699 1728 opus.

181 1748 248 1787 Fr.
284 1748 383 1796 239,
418 1748 458 1787 2.
490 1748 564 1796 Eq.
604 1749 717 1787 1352
751 1750 795 1787 et
830 1748 961 1798 Vesp.
1001 1749 1112 1788 1353
1146 1749 1219 1788 cft.
1253 1749 1317 1788 Bl.

179 1815 246 1855 Fr.
289 1817 389 1864 240,
422 1817 462 1855 3.
514 1816 575 1855 Ex
622 1816 761 1855 tribus
808 1817 1028 1865 exemplis
1075 1827 1186 1864 quae
1232 1819 1385 1856 contra
1430 1815 1581 1855 Cobeti
1627 1815 1768 1864 legem
1815 1817 1940 1856 affert

236 1883 358 1923 Kock
387 1884 508 1923 solus
540 1884 701 1923 Avium
733 1884 855 1923 locus
886 1884 999 1923 satis
1031 1890 1178 1923 certus
1210 1884 1394 1933 videtur,
1427 1894 1531 1923 nam
1562 1884 1674 1933 apud
1701 1884 1938 1923 Isocratem

238 1951 481 1990 mutatione
523 1952 835 2000 propemodum
878 1952 1002 1991 nulla
1040 1951 1219 1991 rescribi
1258 1952 1397 2001 possit
1431 1949 1483 1995 ὡς
1521 1950 1724 2001 <ὑ>πέρ,
1755 1955 1799 1991 et
1830 1953 1939 1992 Nub.

235 2019 320 2058 947
354 2019 549 2068 speciose
580 2019 828 2058 coniectum
860 2021 930 2058 est
961 2025 1039 2057 τῶν
1069 2018 1298 2070 γνωμιδίων
1330 2029 1407 2068 pro
1439 2016 1518 2056 ὑπὸ
1543 2023 1621 2056 τῶν
1647 2025 1829 2070 γνωμῶν.
1857 2020 1938 2059 Sed

233 2087 352 2125 enim
378 2086 503 2134 plura
529 2087 684 2125 extant
710 2086 934 2135 exempla,
961 2086 1033 2125 ubi
1061 2096 1113 2125 ea
1133 2086 1205 2125 lex
1222 2086 1450 2134 migratur,
1470 2087 1514 2124 et
1530 2086 1853 2126 concedendum
1871 2090 1938 2126 est

235 2154 378 2192 virum
403 2163 630 2192 summum
662 2163 955 2202 exaggerasse
983 2153 1256 2192 iustissimae
1282 2153 1602 2192 observationis
1627 2154 1936 2193 constantiam.

177 2221 246 2260 Fr.
279 2221 379 2269 242,
413 2223 453 2259 4.
496 2225 684 2258 πεινῶσιν
720 2230 797 2269 pro
828 2220 1075 2271 πράσσουσιν
1107 2221 1186 2269 BL,
1226 2220 1339 2268 quod
1369 2221 1561 2269 speciem
1599 2220 1732 2260 habet
1762 2223 1939 2271 propter

237 2287 451 2336 Euripidis
496 2287 547 2326 fr.
581 2287 664 2326 887
716 2285 758 2325 ἐν
798 2290 1008 2342 πλησμονῇ
1049 2301 1108 2326 τοι
1150 2287 1333 2337 Κύπρος,
1383 2286 1426 2325 ἐν
1456 2292 1679 2325 πεινῶσι
1713 2283 1748 2326 δ’
1785 2286 1846 2328 οὔ.
1879 2310 1937 2315 -

237 2355 402 2394 Ibidem
436 2354 590 2404 βροτῶν
620 2354 749 2393 malit
778 2354 911 2394 idem.

178 2422 245 2462 Fr.
278 2422 377 2471 244,
412 2423 452 2461 4.
485 2421 745 2470 Suspectum
777 2422 820 2460 in
852 2422 1078 2461 comoedia
1109 2419 1215 2467 ὅπως
1247 2431 1347 2460 cum
1380 2422 1623 2461 coniectivo
1653 2422 1749 2461 sine
1775 2419 1837 2459 ἄν.
1870 2422 1934 2462 Bl.

236 2487 366 2538 εὑρεῖν
397 2489 559 2538 μάσημα
592 2487 699 2534 ὅπως
729 2486 802 2535 ἕξω
833 2491 916 2535 ταῖς
946 2489 1128 2540 γνάθοις.

174 2557 243 2596 Fr.
278 2557 377 2596 245.
424 2555 569 2595 Peliae
617 2556 750 2595 verba
790 2567 845 2595 ex
883 2557 1032 2596 Medea
1071 2556 1191 2602 (Poll.
1228 2555 1305 2594 VII
1343 2557 1410 2600 17)
1460 2566 1558 2595 esse
1599 2557 1848 2605 suspicatur
1885 2557 1932 2596 Ο.

234 2623 414 2663 Crusius
440 2624 483 2662 in
512 2622 735 2671 Philologo
762 2633 800 2662 a.
835 2624 960 2672 1888,
985 2634 1024 2673 p.
1045 2624 1143 2662 610.
1167 2645 1215 2651 —
1236 2623 1309 2662 Vs.
1339 2625 1378 2662 4.
1414 2623 1494 2662 Pro
1521 2623 1676 2674 στερεόν
1704 2624 1806 2662 olim
1842 2634 1932 2672 pro-

234 2693 357 2741 posui
389 2688 669 2741 βλαβερόν,
701 2691 975 2729 assentiente
1007 2690 1070 2730 Bl.
1104 2690 1318 2729 Incertior
1348 2693 1497 2728 tamen
1530 2691 1760 2740 correctio,
1793 2691 1935 2739 possis

233 2759 351 2798 enim
398 2758 549 2798 eodem
597 2758 690 2796 iure
735 2754 797 2803 ὡς
838 2754 1090 2805 ὀλέθριόν
1132 2772 1165 2795 τι
1207 2763 1367 2808 πρᾶγμα
1410 2757 1563 2807 θερμόν
1607 2753 1688 2795 ἔσθ’
1724 2756 1844 2806 ὕδωρ.
1883 2758 1930 2796 In

234 2836 298 2865 vs.
331 2826 356 2864 2
388 2825 590 2874 displicet
620 2824 876 2873 asyndeton.
911 2824 1108 2873 Legerim
1141 2823 1392 2862 ἀποκναίσειε
1425 2820 1461 2862 δ’
1495 2821 1558 2862 ἂν.

174 2892 241 2932 Fr.
271 2893 371 2942 247,
405 2893 445 2932 2.
492 2892 626 2931 Recte
673 2890 819 2941 εὔηθές
861 2891 984 2930 Kock
1026 2902 1102 2941 pro
1143 2890 1312 2941 ἀληθές,
1351 2891 1428 2931 sed
1470 2901 1555 2930 non
1596 2891 1745 2929 minus
1776 2894 1855 2935 (vs.
1897 2894 1930 2935 Ι)

232 2960 490 2999 mendosum
531 2961 600 2998 est
638 2958 955 3003 πεπαιδεῦσθαι,
998 2959 1110 3008 quod
1149 2959 1263 2998 haud
1295 2959 1420 2998 facile
1452 2959 1595 3008 potuit
1626 2959 1842 3007 corrumpi
1875 2969 1929 2997 ex

230 3026 514 3077 μαλακίζεσθαι
540 3028 617 3065 aut
641 3025 924 3076 μαλάττεσθαι,
951 3037 1062 3074 quae
1089 3027 1272 3065 coniecit
1285 3026 1364 3074 Bl.,
1382 3026 1589 3065 facillime
1608 3035 1708 3064 vero
1725 3036 1780 3064 ex
1798 3040 1927 3063 καται-

229 3093 388 3131 δεῐσθαι
405 3109 460 3125 =
478 3092 681 3132 αἰδεῖσθαι
711 3095 778 3139 (ut
804 3094 969 3143 passim
1004 3096 1196 3131 κατελεεῐν
1216 3109 1269 3124 =
1290 3092 1408 3131 ἐλεεῖν
1436 3093 1593 3132 dicitur
1621 3093 1926 3131 miserandi

228 3163 389 3206 sensu).
424 3160 532 3210 Quia
564 3170 665 3199 vero
695 3160 876 3200 verbum
913 3162 1204 3209 compositum
1239 3160 1514 3198 καταιδεῖσθαι
1544 3160 1623 3198 hoc
1648 3170 1779 3198 sensu
1808 3169 1926 3198 usur·

228 3230 381 3276 patum
412 3227 554 3266 lexica
584 3227 805 3275 ignorant,
839 3227 1012 3266 malim:
