2216 3522
1043 240 1069 277 9

226 361 366 401 lateat
400 371 580 402 necesse
613 365 700 412 est,
740 364 817 403 sed
857 363 1222 413 acquiescendum
1259 365 1447 405 arbitror
1486 366 1531 405 in
1562 365 1734 405 illorum
1770 374 1931 404 correc-

229 428 363 469 tione.
397 451 451 457 —
483 430 534 469 In
565 431 635 471 Fr.
668 431 754 470 272
786 429 1007 485 ὡρᾴζεσθαι
1040 436 1158 470 recte
1190 431 1378 480 Blaydes
1408 432 1615 482 postulat.

170 495 527 536 lucei-tarum
556 504 558 506 “
583 497 906 538 fabularum
962 498 1225 547 fragmentis
1272 509 1295 538 e
1341 499 1672 539 Philetaero
1718 497 1815 536 Vat.
1863 496 1929 536 ed.

230 561 352 603 Gohn
383 563 492 604 Mus.
523 565 664 605 Rhen.
697 575 737 605 a.
772 566 904 615 1888,
948 576 988 615 p.
1022 565 1107 604 411
1150 567 1340 606 accessit
1370 567 1474 606 hoc:
1507 565 1667 619 λαγὼς
1699 563 1766 604 διὰ
1797 568 1867 602 τοῦ
1899 578 1930 602 ω

228 629 403 682 μεγάλου
434 628 456 670 ὅ
488 636 667 683 χερσαῖος
706 632 817 685 παρὰ
847 636 927 680 τοῖς
958 635 1152 680 Ἀττικοῖς·
1192 632 1345 686 λαγὸς
1377 631 1420 673 δὲ
1452 632 1473 673 ὁ
1511 632 1669 681 ἀστικὸς
1706 633 1748 679 (l.
1778 630 1930 670 θαλάσ-

230 699 349 747 σιος),
379 697 479 747 φασὶ
510 697 553 738 δὲ
588 705 729 740 τοῦτον
754 699 822 739 καὶ
844 699 908 739 ἴον
933 699 1034 752 ἔχειν
1060 698 1235 748 καὶτοὺς
1250 701 1456 753 πονηροὺς
1473 698 1495 741 ὁ
1515 703 1712 752 Κρατῖνος
1738 697 1930 750 λαγοὺς

228 767 349 804 καλεῖ.
380 765 443 806 cf.
477 767 635 807 Athen.
668 767 732 808 IX
762 769 847 808 401
862 767 910 808 D.
946 790 1000 796 —
1032 768 1232 808 Indidem
1265 769 1396 809 haec:

435 834 691 885 πατρικὸς
722 835 839 885 φίλος
869 833 958 887 οὐχὶ
989 841 1241 888 πατρῷος·
1273 834 1341 874 καὶ
1372 834 1394 875 ὅ
1425 837 1623 887 Κρατῖνος

970 901 1160 954 πατρικὸς
1192 900 1249 942 ὢν
1281 903 1397 954 φίλος

554 969 647 1009 τάδε
677 970 946 1021 πυνθάνομαί
973 981 1059 1010 σου.

168 1035 237 1076 Fr.
272 1036 372 1086 273,
398 1038 439 1077 3.
471 1037 589 1077 Bene
616 1038 847 1087 vulgatum
873 1021 1025 1078 tuetur
1055 1038 1140 1088 BL,
1173 1038 1248 1088 qui
1280 1039 1348 1084 (ad
1378 1038 1431 1078 fr.
1457 1039 1559 1083 275)
1585 1037 1629 1076 in
1655 1036 1932 1086 Hippocratis

226 1103 322 1144 loco
351 1107 470 1145 recte
502 1107 581 1145 aut
611 1106 841 1156 μαστίζουσι
872 1109 950 1146 aut
981 1111 1150 1145 πατοῦσι
1182 1106 1378 1154 requirit.

169 1170 240 1211 Fr.
273 1172 374 1212 276.
416 1172 526 1211 αὗλῶ
566 1172 659 1219 τοὺς
690 1184 771 1223 ego
806 1174 911 1213 olim
950 1174 994 1212 in
1027 1172 1160 1212 αὐλῶ
1186 1169 1284 1225 ’γὼ,
1315 1175 1469 1222 postea
1498 1172 1563 1211 Bl.
1596 1173 1744 1211 minus
1775 1171 1930 1210 leniter

227 1238 273 1278 in
313 1238 524 1289 αὖλήσω
563 1240 839 1280 refluximus.
879 1241 1079 1280 Alterum
1120 1242 1270 1280 utrum
1310 1250 1466 1280 verum
1499 1241 1581 1279 est.
1617 1239 1829 1289 Apposite
1859 1238 1931 1277 hic

227 1306 302 1346 cft.
332 1306 462 1356 Vesp.
495 1308 600 1357 582,
634 1309 707 1348 ubi
739 1309 888 1348 forsan
919 1310 1036 1348 recte
1067 1308 1169 1347 hinc
1195 1304 1307 1354 ἐξόδί
1343 1318 1420 1357 pro
1451 1306 1591 1354 ἔξοδον
1623 1307 1820 1346 coniecit.

169 1373 238 1414 Fr.
271 1373 372 1414 277.
418 1374 483 1413 Bl.
531 1375 605 1415 cft.
648 1376 756 1415 Nub.
805 1377 905 1416 933.
953 1376 1054 1424 Lys.
1096 1376 1196 1415 439.
1240 1375 1398 1414 Aesch.
1446 1374 1636 1424 Choeph.
1684 1374 1790 1423 395,
1837 1373 1931 1413 iure

228 1442 468 1482 defendens
498 1443 620 1496 κάθῃ.

170 1509 240 1548 Fr.
274 1510 375 1548 278.
417 1509 483 1549 Ex
523 1510 719 1550 Zonarae
755 1510 1065 1550 observatione
1095 1511 1440 1549 consentaneum
1473 1511 1541 1548 est
1572 1508 1797 1549 Cratinum
1830 1508 1931 1548 scri-

229 1577 373 1626 psisse
413 1577 670 1625 καθιζάνειν,
709 1579 760 1618 ut
801 1579 890 1617 iam
932 1578 997 1617 Bl.
1041 1578 1203 1618 vidisse
1243 1577 1562 1617 animadverto.
1597 1599 1650 1606 -
1688 1577 1763 1626 „In
1805 1577 1930 1616 Aeo-

225 1643 480 1685 losicone
522 1646 864 1694 Aristophanem
910 1646 1098 1687 eundem
1140 1646 1359 1698 incertum
1400 1645 1546 1684 locum
1578 1645 1784 1684 habuisse
1814 1643 1932 1683 lucu·

226 1711 369 1751 lenter
398 1713 579 1762 exponit
610 1713 847 1762 Zielinsky‚
891 1713 1292 1752 Marchencomedie
1334 1723 1374 1761 p.
1408 1713 1478 1752 38.
1522 1711 1616 1751 Huc
1656 1712 1846 1751 fortasse
1877 1710 1928 1749 fr.

229 1778 314 1818 287
347 1779 625 1819 referendum
657 1782 768 1820 est”.
802 1781 850 1820 Ο.
883 1779 1078 1820 Crusius.

169 1846 239 1888 Fr.
282 1847 382 1887 279.
438 1847 592 1887 Melius
649 1859 781 1897 quam
836 1848 958 1887 Kock
1013 1847 1164 1887 Nauck
1208 1843 1234 1885 τ’
1280 1845 1524 1897 ἐμαυτῆς,
1576 1846 1766 1894 Blaydes
1806 1858 1854 1883 τε
1895 1839 1926 1895 γ’

238 1912 405 1964 αὐτὴν
452 1915 521 1954 vel
561 1915 850 1966 τε·ταύτην
882 1915 1177 1955 coniecerunt.

167 1981 237 2021 Fr.
270 1982 375 2031 280,
407 1983 445 2022 si
477 1993 655 2030 sanum,
689 1984 855 2022 dictum
887 1985 932 2022 in
963 1993 1039 2022 eos
1066 1983 1139 2031 qui
1165 1983 1295 2022 rebus
1322 1992 1527 2031 perverse
1552 1982 1749 2021 utuntur.
1777 1980 1931 2020 Kockii

226 2049 477 2089 coniectura
512 2050 622 2090 mihi
653 2051 803 2090 minus
833 2050 977 2099 placet
1007 2060 1139 2098 quam
1171 2049 1424 2098 Blaydesio;
1458 2049 1532 2098 qui
1558 2050 1725 2088 temere
1750 2048 1928 2097 insuper

228 2117 373 2156 tentat
403 2114 621 2164 ἀνάπλεως.

166 2183 235 2224 Fr.
269 2184 368 2223 282.
403 2185 525 2224 Kock
555 2184 759 2235 διεπήνισε
789 2184 858 2224 τὸν
889 2184 1019 2237 λόγον.
1046 2185 1216 2224 Vitiosa
1247 2184 1475 2234 anapaesti
1507 2193 1689 2223 caesura
1721 2192 1808 2222 sec.
1841 2181 1927 2230 Bl.,

228 2252 302 2300 qui
333 2252 427 2301 ipse
459 2254 604 2292 tentat
634 2257 776 2291 τοῦτον
808 2251 1040 2302 διεπήνισας
1072 2252 1122 2291 σὺ
1153 2251 1222 2291 τὸν
1252 2251 1372 2303 λόγον
1402 2254 1551 2297 καλῶς,
1582 2250 1737 2290 deletis
1772 2259 1928 2298 parum

226 2319 509 2369 probabiliter
550 2320 698 2360 verbis
738 2317 810 2371 μὲν
851 2314 945 2370 οὖν,
985 2320 1141 2368 quibus
1181 2320 1372 2359 servatis
1402 2318 1655 2367 scripserim
1687 2322 1828 2355 τοῦτον
1860 2313 1931 2366 μὲν

227 2380 303 2425 οὖν
330 2385 337 2438 Ι
364 2390 493 2434 καλῶς
525 2386 757 2438 διεπήνισας
790 2386 839 2426 σῦ
864 2386 934 2426 τὸν
961 2388 1080 2438 λόγον
1107 2400 1186 2434 vg,
1213 2390 1268 2431 (v.
1298 2396 1333 2425 c.
1361 2386 1465 2434 μάλα
1482 2395 1517 2424 S.
1547 2385 1655 2423 πάνυ
1681 2395 1716 2423 S.
1741 2382 1928 2432 σφόδρα).

167 2453 236 2494 Fr.
271 2454 356 2494 284
398 2455 687 2495 distribuendi
728 2465 826 2494 cum
868 2454 1050 2494 Kockio*
1071 2455 1185 2493 inter
1222 2454 1331 2492 duas
1363 2461 1574 2502 personas
1605 2451 1771 2490 nullam
1805 2450 1930 2489 video

229 2522 558 2562 necessitatem.

170 2588 239 2628 Fr.
273 2589 359 2628 288
391 2600 454 2638 sq.
490 2590 550 2630 Cf.
584 2591 803 2639 Blaydesii
838 2590 1108 2630 collectanea
1139 2600 1179 2638 p.
1218 2590 1284 2628 11.

169 2655 238 2696 Fr.
272 2657 358 2696 290
389 2655 558 2707 ἀρίστων
589 2658 755 2697 ironice
785 2658 953 2697 dictum
986 2666 1082 2697 esse
1114 2657 1206 2695 iure
1238 2652 1463 2695 contendit
1495 2655 1542 2694 Ο.
1572 2653 1762 2693 Crusius.
1801 2651 1929 2690 Falso

228 2724 362 2773 igitur
392 2725 528 2764 etiam
560 2724 624 2764 Bl.
658 2725 845 2764 coniecit
878 2724 1038 2774 ἀνδρῶν
1068 2728 1282 2775 γυναικῶν.

169 2791 239 2831 Fr.
274 2792 375 2832 294.
407 2790 539 2843 ἄρχων
570 2790 647 2841 εἰμὶ
676 2798 771 2830 νῦν
806 2791 1034 2842 Ἀθηναίοις
1068 2789 1154 2841 ἐγώ.

288 2859 396 2899 Vide
438 2869 493 2899 ne
534 2860 733 2899 additum
776 2864 852 2897 νῦν
894 2859 1048 2898 Kockii
1082 2856 1432 2906 interpretationi
1464 2855 1624 2895 obstet.
1657 2853 1805 2893 Potuit
1834 2852 1930 2906 οἴνῳ

227 2924 416 2978 ἐπαρθείς
448 2928 512 2967 ita
542 2927 659 2975 loqui
691 2927 923 2976 quispiam.
958 2926 1019 2965 Cf.
1054 2925 1257 2973 Bacchyl.
1290 2924 1341 2962 fr.
1371 2923 1473 2971 27,6
1501 2928 1597 2960 πᾶσι
1629 2918 1664 2959 o'
1696 2918 1930 2969 ἀνθρώποις

228 2995 492 3045 μοναρχήσειν
524 2994 639 3033 δοκεῖ
663 2997 707 3036 et
739 2996 812 3033 Ar.
840 2994 914 3042 Eq.
944 2994 998 3032 29
1026 3003 1119 3041 sqq.
1154 2992 1271 3040 Quod
1305 2991 1343 3029 si
1370 2990 1433 3029 ita
1465 2991 1556 3037 est,
1592 2989 1712 3027 locus
1743 2986 1930 3026 fortasse

228 3060 282 3100 ad
313 3060 562 3110 Pytinen
595 3063 664 3100 est
695 3060 960 3100 referendus,

169 3127 237 3168 Fr.
271 3128 371 3168 296.
405 3129 554 3168 Nauck
588 3128 721 3168 verba
753 3128 817 3167 sic
849 3127 1053 3175 digessit:

1056 3190 1099 3239 ὃς
1131 3191 1203 3241 τὴν
1234 3191 1352 3229 πίτῦν
1384 3188 1582 3239 ἔκαμπτεν

613 3260 731 3308 ἑστὼς
762 3263 945 3312 χαμᾶθεν
977 3264 1067 3308 (pro
1099 3257 1295 3309 χαμάθεν)
1326 3255 1455 3306 ἄκρας
