2216 3522
1106 198 1157 212 -r-

1077 200 1153 237 lot

282 316 347 356 Bl.
379 315 446 356 καὶ
476 315 523 356 τὰ
553 315 699 357 πόπαν’
732 318 866 360 αὐτῶν
896 323 1044 372 aperte
1074 322 1178 362 ferri
1210 323 1378 372 nequit,
1412 324 1456 362 et
1492 323 1620 372 longe
1652 323 1812 362 melius
1843 325 1987 372 (atque

285 384 436 424 nescio
467 395 523 425 an
557 390 672 434 vere)
706 388 900 430 Meineke
931 390 1181 440 proposuit:

1175 454 1197 496 ὅ
1227 456 1444 508 λιβανωτὸς
1475 455 1633 508 εὐσεβὲς

494 514 514 517 *⁵
536 520 603 560 καὶ
633 521 677 561 τὸ
707 522 906 563 πόπανον.
938 520 1042 563 ταῦτ’
1078 522 1218 576 ἔλαβεν
1250 522 1271 564 ὅ
1302 523 1398 572 θεὸς
1430 522 1494 563 ἐπὶ
1526 523 1568 563 τὸ
1599 529 1681 575 πῦρ

538 585 675 628 ἅπαντ’
710 587 955 630 ἐπιτεθένθ’·
988 592 1028 631 οἳ
1058 589 1101 630 δὲ
1132 590 1206 631 κτὲ.

284 654 500 696 Notabilis
530 659 599 697 est
630 668 739 698 usus
769 659 975 699 adiectivi
1007 658 1172 711 εὐσεβής
1204 670 1281 709 pro
1314 658 1421 706 ὅσιος
1453 659 1550 698 sive
1578 658 1693 710 ἱερός.

227 721 295 761 Fr.
331 723 430 765 132.
462 724 673 774 Apposite
704 725 768 765 Bl.
802 727 875 766 cft.
907 727 1051 776 Eurip.
1085 727 1136 767 fr.
1171 728 1271 777 434,
1306 727 1331 765 2
1365 737 1429 775 sq.
1463 722 1646 766 Nauck2.

225 789 293 830 Fr.
330 791 427 830 133.
461 791 615 831 Melius
646 792 842 833 Meineke
873 795 1066 834 tentavit
1096 805 1230 843 quam
1262 794 1326 834 Bl.
1360 804 1400 843 p.
1435 794 1534 833 203.

226 857 294 898 Fr.
330 859 428 899 136.
476 858 817 909 corruptissime
862 861 1046 901 Tzetzes
1092 861 1200 901 Chii.
1247 862 1314 911 12,
1359 862 1444 901 305
1497 859 1554 899 οὐ
1601 866 1696 912 πῦρ
1743 861 1867 900 αἰτῶ
1913 861 1987 914 γὰρ

286 923 471 977 λέγομεν,
501 923 597 966 οὐδὲ
628 925 784 966 λοιπὰ
816 923 854 966 δ’
888 927 1155 979 αἰτοῦμαι.
1187 929 1355 968 Monuit
1385 928 1548 967 Nauck.

226 992 296 1032 Fr.
333 993 430 1033 138.
462 993 588 1043 Vide,
623 994 663 1033 si
692 995 807 1034 tanti
838 997 925 1045 est,
959 995 1024 1036 Bl.
1058 1006 1097 1045 p.
1132 996 1230 1035 203.

225 1059 293 1099 Fr.
331 1060 428 1100 139.
461 1066 618 1111 γραφῆς
651 1063 769 1101 recte
800 1061 865 1102 Bl.

223 1127 291 1167 Fr.
328 1128 426 1167 140.
459 1128 641 1178 Propter
682 1129 874 1169 Terentii
918 1130 1068 1180 verba,
1111 1132 1161 1170 ut
1197 1131 1408 1180 suspicor,
1441 1131 1504 1169 Bl.
1538 1131 1831 1180 praecessisse
1862 1133 1987 1180 putat

283 1194 321 1233 τί
349 1194 400 1234 σὺ
431 1193 562 1242 θέλεις
594 1198 671 1236 aut
702 1197 850 1237 simile
882 1198 998 1246 quid.

224 1262 292 1307 Er.
330 1263 426 1302 142.
459 1263 572 1312 Lege
603 1263 829 1313 συνύφαινε
860 1266 992 1305 metri
1024 1276 1158 1305 causa
1189 1276 1288 1305 cum
1321 1265 1385 1304 Bl.

122 1308 293 1369 sFr.
331 1331 427 1370 145.
638 1331 742 1371 οἴκοι
772 1330 906 1382 μένειν
936 1332 1009 1384 χρὴ
1041 1331 1126 1371 καὶ
1157 1331 1340 1383 μένειν
1372 1331 1587 1382 ἐλεύθερον

637 1396 664 1450 ἢ
695 1395 823 1450 μηκέτ’
858 1395 960 1439 εἶναι
990 1399 1058 1439 τὸν
1089 1402 1219 1446 καλῶς
1249 1399 1481 1450 εὐδαίμονα.

282 1465 448 1505 Merum
481 1467 570 1515 est,
604 1466 708 1506 licet
739 1467 866 1507 aliter
896 1468 1059 1507 iudicet
1080 1467 1164 1517 Bl.,
1198 1469 1243 1507 et
1274 1467 1450 1515 quidem
1481 1467 1558 1506 vix
1583 1466 1804 1515 probabile
1831 1467 1984 1507 Kockii

281 1531 561 1583 figmentum,
596 1533 843 1574 Terentiani
885 1535 1377 1575 Heautontimorumeni
1422 1544 1657 1584 personam
1705 1533 1889 1573 Cliniam
1940 1535 1983 1574 in

282 1600 506 1641 Menandri
533 1601 680 1641 fabula
711 1602 1030 1642 Parmenonem
1064 1604 1271 1643 vocatum
1302 1602 1456 1650 fuisse,
1489 1603 1539 1640 ut
1567 1601 1627 1640 ibi
1658 1611 1733 1650 pro
1759 1599 1825 1639 καὶ
1852 1599 1984 1651 μένειν

283 1668 480 1708 conicere
505 1671 654 1717 posset
679 1667 917 1720 Παρμένων.
948 1670 1037 1710 Nec
1062 1672 1178 1710 enim
1201 1670 1331 1709 -video
1358 1665 1507 1717 quidni
1532 1668 1661 1708 liceat
1686 1669 1983 1718 interpretari:

278 1735 432 1775 Domi
467 1736 507 1782 (i.
535 1746 571 1775 e.
606 1736 651 1775 in
681 1737 839 1788 patria)
872 1747 1098 1777 manere
1130 1738 1358 1787 oportet
1390 1737 1443 1775 et
1474 1735 1564 1781 (ita)
1596 1745 1821 1775 manere
1852 1739 1983 1783 (vere)

279 1803 521 1843 liberum
556 1825 608 1831 —
642 1803 920 1844 hominem
951 1804 1119 1854 probe
1150 1804 1399 1853 felicem,
1433 1805 1482 1842 ut
1512 1803 1654 1852 priore
1679 1802 1773 1842 loco
1799 1804 1981 1843 verbum

277 1880 502 1910 manere
543 1870 760 1920 significet
805 1882 1012 1921 „manere
1053 1872 1246 1912 eodem
1277 1871 1447 1920 loco”‚
1489 1870 1730 1919 posteriore
1765 1871 1981 1919 „eadem

278 1948 337 1978 co
353 1938 655 1977 nditione.”
704 1938 820 1988 Quae
860 1939 1082 1979 sententia
1122 1939 1275 1979 eodem
1308 1938 1437 1987 redit,
1481 1947 1564 1986 quo
1598 1947 1649 1976 ea
1680 1947 1812 1985 quam
1845 1938 1982 1977 voluit

277 2006 510 2045 restituere
542 2005 682 2055 Kock‚
716 2006 802 2045 nisi
834 2007 947 2055 quod
979 2007 1121 2056 magis
1153 2008 1280 2056 urget
1311 2015 1512 2054 causam,
1553 2015 1629 2043 cur
1659 2014 1745 2043 non
1777 2004 1838 2044 sit
1867 2005 1981 2044 felici

275 2083 453 2123 peregre
485 2073 750 2113 abeundum.
783 2075 905 2114 Idem
943 2076 1073 2124 poeta
1098 2075 1240 2114 dicere
1264 2074 1406 2123 potuit
1431 2072 1660 2112 scribendo
1702 2070 1981 2121 διαμένειν

274 2136 301 2178 τ’
347 2143 424 2180 aut
466 2136 778 2190 διαμένοντ’,
820 2142 950 2191 quod,
993 2143 1031 2181 si
1072 2142 1173 2190 quid
1204 2141 1468 2180 mutandum
1499 2140 1575 2188 sit,
1611 2139 1736 2188 longe
1768 2141 1979 2188 praetule-

278 2208 376 2247 rim.
409 2208 606 2248 Antehac
646 2208 873 2248 tentabam
910 2207 1140 2258 καταμονὴν
1172 2205 1389 2259 ἐλευθέραν
1421 2208 1498 2246 aut
1527 2206 1853 2254 transponenda
1883 2217 1981 2246 esse

280 2275 491 2315 vocabula
519 2274 738 2325 εὐδαίμονα
769 2278 815 2315 et
845 2274 1070 2327 ἐλεύθερον.

221 2343 288 2382 Fr.
325 2344 422 2383 146.
602 2338 696 2394 μετ’
731 2341 950 2394 ἄριστον
980 2343 1055 2396 γὰρ
1086 2341 1149 2390 ὡς
1181 2339 1488 2394 ἀμυγδαλὰς
1520 2338 1595 2392 ἐγὼ

602 2408 833 2461 παρέθηκα,
863 2409 930 2449 καὶ
960 2417 1038 2450 τῶν
1069 2409 1231 2462 ῥοιδίων
1263 2408 1492 2460 ἐτρώγομεν.

279 2477 387 2518 Cum
436 2487 613 2517 versum
660 2478 791 2517 ordiri
844 2480 1033 2527 nequeat
1070 2501 1258 2527 ψ---,
1307 2478 1503 2516 metrum
1561 2474 1750 2514 correxit
1797 2474 1979 2523 Bentley

279 2545 460 2585 delendo
491 2545 534 2584 in
566 2544 652 2584 fine
682 2546 952 2594 pronomine.
984 2547 1044 2585 At
1074 2545 1264 2594 permira
1295 2554 1366 2583 me
1398 2542 1539 2582 iudice
1570 2543 1720 2580 manet
1744 2542 1977 2580 sententia.

278 2612 491 2652 Dicuntur
531 2612 648 2651 enim
691 2612 901 2652 convivae
941 2623 1027 2652 non
1069 2612 1295 2661 appositas
1325 2610 1408 2650 sibi
1439 2608 1717 2658 amygdalas,
1750 2608 1862 2656 quod
1894 2618 1979 2647 cre·

276 2680 421 2728 deres,
462 2679 539 2718 sed
579 2689 711 2727 poma
748 2682 933 2728 granata
966 2680 1217 2720 comesisse.
1250 2678 1504 2718 Postulatur
1534 2675 1680 2725 procul
1713 2675 1841 2715 dubio
1871 2675 1978 2714 haec

276 2746 519 2787 sententia:
563 2745 934 2794 „comedebamus
973 2757 1083 2796 quas
1120 2757 1199 2795 ego
1232 2744 1510 2795 apponendas
1542 2752 1797 2782 curaveram
1829 2751 1977 2790 amyg-

275 2813 398 2853 dalas
428 2815 471 2853 et
502 2822 632 2862 poma
656 2814 884 2863 granata”,
904 2814 1049 2863 itaque
1075 2809 1150 2864 μετ’
1180 2811 1341 2864 ἄριστον
1364 2812 1555 2861 pessime
1582 2810 1868 2858 depravatum
1894 2811 1976 2848 est.

277 2880 409 2920 Venit
438 2881 482 2920 in
514 2882 736 2920 mentem:

602 2953 699 2986 τῶν
730 2948 1007 2995 Ναξίωνΰ)
1039 2946 1113 2998 γὰρ
1145 2940 1211 2986 ὧν
1243 2945 1564 2997 ἀμυγδαλῶν
1595 2941 1669 2994 ἐγὼ

599 3012 812 3065 παρέθηκα
843 3014 909 3054 καὶ
940 3021 1018 3054 τῶν
1050 3014 1212 3066 ῥοιδίων
1244 3012 1472 3065 ἐτρώγομεν.

276 3082 424 3130 Νάξιαι
469 3080 697 3133 ἀμυγδαλαί
739 3083 913 3131 saepius
959 3083 1003 3121 in
1050 3082 1316 3122 comicorum
1364 3078 1574 3126 relliquiis
1620 3079 1863 3116 occurrunt.
1913 3075 1973 3115 cf.

276 3150 434 3190 Iacobii
477 3149 628 3189 Index.
673 3146 767 3187 Μετ’
804 3147 981 3200 ἄριστον,
1015 3150 1069 3188 ab
1102 3149 1337 3197 interprete
1371 3145 1639 3194 adscriptum
1672 3143 1858 3183 fortasse
1890 3152 1975 3190 quo

275 3220 471 3266 tempore
516 3217 611 3265 ipsa
655 3215 802 3256 fabula
847 3218 1090 3265 supererat,
1148 3217 1240 3254 tam
1297 3214 1419 3263 gravi
1468 3211 1603 3251 errori
1649 3210 1774 3250 facile
1821 3219 1973 3249 ansam
