2216 3522
1104 236 1185 275 118

323 360 430 401 haec
462 371 582 400 mea:
625 358 740 413 ἕλαιῷ
771 359 835 410 μή
866 373 910 398 τι
940 362 1114 411 χρῆσθαι
1145 354 1261 409 μηδ’
1297 355 1447 410 ὄναρ,
1479 368 1583 399 nam
1619 358 1771 398 OPAN
1798 359 1844 398 et
1876 357 2030 398 ONAP

321 437 406 467 non
454 428 539 467 nisi
577 427 824 467 litterarum
866 426 1016 466 ordine
1052 425 1272 466 differunt.
1304 425 1448 466 Homo
1479 425 1588 466 adeo
1618 424 1846 475 squalidus
1877 425 1949 466 est
1976 425 2028 464 ut

322 505 375 534 ne
414 495 459 534 in
489 495 675 535 somniis
704 493 898 543 quidem,
932 493 1096 533 nedum
1128 492 1338 542 vigilans,
1371 492 1466 533 oleo
1502 494 1669 532 utatur.
1702 492 1845 532 Minus
1875 492 2025 532 autem

322 561 506 602 feliciter
545 564 692 612 poeta,
732 571 840 602 usus
872 560 1209 601 Anaxandridae
1240 560 1335 600 loco
1366 559 1546 601 laudato
1577 561 1663 607 (34.
1697 562 1753 610 6),
1795 559 1866 600 hic
1895 558 2026 600 besti·

322 639 446 668 arum
487 629 739 669 nominibus
779 628 944 669 relictis
984 629 1133 678 posuit
1177 626 1401 679 κονίορτος,
1447 638 1534 677 qua
1579 638 1626 668 re
1672 628 1793 667 abuti
1839 626 1929 667 noli
1969 625 2025 667 ad

320 696 642 737 defendendum
673 695 799 748 ῥύπος
831 697 876 736 in
908 706 973 736 vs.
1006 697 1047 736 4.

263 764 331 804 Fr.
379 765 444 813 12,
488 765 528 804 8.
568 760 700 816 λάχαν’
744 762 838 803 ἅττα
880 764 976 804 sine
1016 763 1283 803 necessitate
1318 762 1383 803 Bl.
1416 765 1461 803 et
1489 763 1625 804 simul
1654 772 1842 814 peccans
1872 762 2027 803 contra

320 831 536 871 comicum
578 841 828 872 sermonem
865 835 945 878 (vs.
980 831 1020 876 9)
1063 830 1259 882 τρίβωνας
1292 831 1376 877 (vel
1408 826 1598 883 τριβώνι’)
1631 826 1710 882 ἠδ’
1745 828 2022 869 ἀλουσίαν.-

322 897 395 938 Vs.
443 900 494 938 10
542 899 706 939 frustra
750 899 979 939 sollicitari
1020 899 1166 949 docui,
1219 899 1431 948 probante
1478 899 1519 938 in
1569 898 1791 938 Addendis
1838 895 2024 946 Kockio,

320 966 473 1006 multis
500 967 766 1007 comicorum
793 966 913 1007 locis.
942 966 1003 1006 Cf.
1032 967 1167 1006 etiam
1186 966 1329 1006 Plauti
1356 966 1636 1016 (Posidippi?)
1658 965 1931 1005 Menaechm.
1949 964 2024 1005 77:

322 1035 599 1074 Iuventus
630 1044 826 1074 nomen
859 1034 1000 1074 fecit
1032 1033 1305 1074 Peniculo
1337 1033 1475 1074 mihi
1507 1035 1552 1074 et
1584 1033 1752 1083 Captiv.
1786 1033 1858 1073 67.
1890 1032 2027 1072 Novis

318 1104 466 1142 tamen
498 1102 652 1142 deinde
684 1102 951 1142 commentis
980 1102 1172 1142 tentavit
1202 1101 1266 1142 Bl.

262 1169 327 1209 Fr.
364 1170 431 1219 14,
465 1171 505 1210 4.
539 1169 712 1210 Revoca
742 1168 901 1209 οὔνεκα.
931 1192 983 1198 -
1017 1169 1080 1210 Bl.
1114 1171 1259 1209 tentat
1289 1169 1505 1219 quaedam
1538 1170 1583 1209 in
1615 1168 1667 1210 fr.
1705 1170 1757 1209 15
1789 1169 1835 1208 et
1868 1168 1936 1208 16.

262 1301 501 1356 Epicratis
532 1303 584 1343 fr.
622 1304 658 1342 1.

557 1369 814 1409 δεδειπνάναι
844 1368 918 1422 γὰρ
950 1368 1093 1422 ἅνδρες
1124 1368 1385 1421 εὐκαίρως
1417 1368 1526 1409 πάνυ
1559 1367 1727 1409 δοκοῦσί
1754 1382 1834 1420 μοι.

320 1438 453 1478 Recte
494 1438 557 1479 Bl.
599 1438 779 1487 requirit
820 1437 1079 1478 adverbium
1113 1437 1463 1477 abundanter
1493 1435 1760 1486 significans.
1793 1435 1917 1476 [dem
1947 1444 2029 1485 ego

321 1506 549 1555 postulans
590 1506 754 1546 dudum
798 1506 963 1546 conieci
1004 1504 1265 1556 εὐπόρως,
1305 1505 1402 1545 coll.
1440 1505 1574 1545 Thuc.
1607 1503 1712 1544 VIII
1744 1504 1800 1544 36
1832 1502 1875 1543 οἱ
1901 1503 2029 1542 Πελο-

320 1573 531 1624 ποννήσιοι
577 1573 814 1624 εὐπόρως
862 1572 916 1611 ἔτι
962 1567 1069 1624 εἶχον
1111 1571 1271 1611 ἅπαντα
1312 1571 1359 1611 τὰ
1396 1570 1496 1612 κατὰ
1538 1571 1581 1612 τὸ
1624 1570 1902 1624 στρατόπεδον.
1943 1569 2029 1611 Sed

321 1641 497 1681 brevius
538 1643 609 1681 est
648 1641 951 1690 fragmentum
999 1650 1132 1689 quam
1179 1640 1292 1689 quod
1339 1641 1594 1690 corruptum
1641 1649 1739 1680 esse
1784 1648 1863 1688 pro
1908 1638 2029 1679 certo

320 1710 585 1749 statuamus.
644 1709 647 1712 ’

263 1776 331 1815 Fr.
377 1776 415 1816 2.
459 1777 500 1815 3.
533 1775 607 1815 Vs.
653 1777 693 1815 6.
727 1772 859 1827 ὁρῶσα
901 1774 965 1815 Bl.
1009 1774 1062 1814 de
1103 1785 1187 1815 usu
1229 1774 1347 1814 verbi
1395 1772 1555 1826 βλέπειν
1595 1774 1805 1815 similiter
1844 1771 2032 1815 adhibiti

323 1843 396 1883 cft.
430 1843 537 1883 Ach.
571 1844 657 1883 376
700 1845 743 1883 et
785 1842 956 1883 Alexid.
991 1842 1054 1881 III
1087 1842 1187 1882 425.
1215 1864 1269 1870 —
1299 1842 1373 1883 Vs.
1408 1843 1448 1884 7.
1482 1842 1605 1883 Malit
1635 1840 1792 1882 ταύτό
1824 1854 1912 1893 μοι,
1940 1849 2029 1881 non

322 1921 421 1960 ego,
455 1921 560 1950 nam
587 1910 690 1951 duo
716 1912 936 1960 secuntur,
964 1920 1074 1959 quae
1101 1910 1202 1950 Lais
1228 1911 1482 1950 communia
1510 1910 1641 1951 habet
1667 1919 1768 1950 cum
1786 1907 2029 1958 aquilis.—

323 1977 397 2017 Vs.
435 1979 475 2018 8.
518 1977 660 2025 αἰετοῖς
701 1979 820 2018 recte
861 1977 1024 2017 Nauck.
1068 1977 1129 2018 Cf.
1171 1974 1421 2020 Meisterh.⁸
1453 1978 1523 2028 33,
1557 1980 1598 2018 5.
1634 2000 1687 2006 —
1719 1976 1795 2017 Vs.
1843 1977 1910 2017 11.
1962 1974 2028 2016 Bl.

323 2044 450 2084 malit
484 2043 581 2096 ἤδη,
621 2050 699 2084 τῶν
738 2048 919 2085 <θεῶν>
966 2047 1009 2085 et
1051 2055 1116 2085 vs.
1164 2046 1217 2085 10
1249 2056 1325 2095 pro
1366 2039 1455 2096 οὖν,
1490 2046 1604 2095 quod
1645 2045 1738 2086 cod.
1771 2045 1810 2084 A
1841 2042 2028 2093 omittit,

322 2112 497 2162 supplet
527 2106 579 2152 αὖ
611 2115 690 2154 aut
718 2110 770 2152 ἄν
798 2114 876 2152 aut
906 2111 955 2152 οὐ
987 2123 1087 2153 cum
1114 2114 1475 2164 interrogatione,
1505 2124 1559 2154 ex
1586 2113 1744 2163 quibus
1770 2109 2033 2153 coniecturis

322 2179 479 2219 ultima
511 2182 685 2230 propter
715 2180 964 2230 negationis
988 2179 1134 2220 locum
1165 2191 1346 2230 prorsus
1376 2181 1481 2221 ferri
1512 2182 1681 2232 nequit,
1719 2180 1913 2229 reliquae
1943 2187 2031 2220 non

322 2247 527 2287 meliores
568 2250 674 2288 sunt
720 2247 994 2288 Meinekiana
1039 2253 1127 2287 νῦν.
1175 2248 1284 2289 Cum
1332 2248 1397 2290 Bl.
1447 2259 1511 2290 vs.
1564 2250 1616 2290 15
1660 2248 1817 2289 malim
1858 2242 1910 2287 ὅτ’
1952 2255 2031 2297 pro

324 2311 444 2355 ὁπότ’.
480 2338 531 2344 -
565 2315 639 2355 Vs.
684 2316 753 2356 20.
796 2315 1020 2356 Violenter
1051 2315 1267 2356 Headlam
1298 2315 1448 2356 θᾶττόν
1489 2312 1558 2356 ἐστ’
1603 2314 1629 2369 ἣ
1668 2315 1910 2366 καταμύσαι,
1950 2312 2031 2361 (131.

323 2382 492 2437 ῥᾷστον).
519 2383 662 2424 Teneo
690 2385 883 2424 veterem
912 2393 1057 2423 meam
1083 2384 1380 2425 coniecturam
1402 2384 1682 2425 lenissimam
1708 2382 1807 2439 ῥᾷον
1823 2380 1849 2436 ἢ
1865 2383 2030 2423 mnium:

324 2450 424 2490 ἰδεῖν
454 2454 746 2501 praegnanter
775 2451 943 2492 dictum
974 2452 1027 2491 de
1059 2452 1373 2492 consuetudine
1398 2453 1633 2503 amatoria,
1667 2454 1717 2493 ut
1742 2461 1807 2492 vs·
1838 2451 1891 2492 17
1919 2444 2031 2499 εἶδες.

326 2518 390 2558 Ad
423 2518 568 2557 πτύσαι
600 2518 647 2559 O.
679 2518 859 2559 Crusius
900 2518 973 2559 cst.
1011 2519 1192 2559 Planud.
1234 2520 1433 2569 proverb.
1469 2521 1553 2560 214
1598 2524 1769 2559 τοσαῦτα
1815 2518 1968 2559 πεύει
2007 2513 2030 2557 ὁ

326 2585 490 2635 δοῦλος,
539 2584 611 2624 ὅσα
651 2586 837 2636 βούλεται
879 2582 900 2625 ὁ
941 2585 1146 2638 δεσπότης.
1178 2607 1236 2615 —
1276 2587 1343 2627 Ad
1391 2597 1456 2628 vs.
1503 2588 1556 2628 18
1599 2587 1663 2628 Bl.
1711 2587 1910 2638 apposite
1954 2585 2029 2627 cst.

329 2652 526 2692 Alexidis
556 2652 608 2693 rr.
642 2653 741 2692 229.
771 2674 824 2682 -
858 2653 931 2694 Vs.
965 2654 1035 2694 21.
1067 2651 1262 2705 πετομένη
1295 2654 1483 2696 feliciter
1513 2655 1647 2696 Kock.

270 2721 334 2759 Fr.
368 2722 407 2769 5,
440 2721 480 2760 6.
514 2722 645 2772 θιγεῖν
675 2730 753 2770 pro
785 2723 928 2774 φαγεῖν
959 2723 1128 2762 temere
1159 2721 1362 2771 Blaydes.

267 2788 332 2827 Fr.
367 2789 393 2826 6
426 2797 522 2827 esse
554 2788 932 2838 paratragoediam
974 2789 1129 2829 docent
1161 2788 1372 2829 vocabula
1403 2791 1448 2830 et
1477 2789 1719 2830 locutiones
1749 2798 1836 2830 non
1867 2787 2031 2830 atticae

325 2853 516 2904 ἄρταμος,
566 2852 727 2904 ὄπωπα,
781 2854 908 2905 πυρὸς
959 2853 1104 2906 ἀκμαῖς
1156 2853 1400 2907 ἠνθισμένα,
1441 2857 1536 2897 sive
1582 2858 1728 2907 potius
1774 2854 1882 2912 ἀκμῇ
1920 2851 1959 2905 ’ξ
2011 2880 2031 2888 -

326 2920 516 2971 θισμένα,
548 2925 594 2962 ut
626 2923 817 2963 correxit
847 2923 910 2963 Bl.
944 2923 1040 2964 coll.
1072 2923 1180 2964 Ach.
1212 2924 1323 2964 1047
1351 2926 1397 2964 et
1424 2923 1608 2965 Philem.
1635 2924 1693 2964 IV
1721 2925 1777 2965 26
1804 2923 1859 2965 M.
1884 2923 1954 2965 nti
1984 2933 2030 2965 m

327 2992 553 3040 καυχᾶσθαι
594 2991 872 3031 rarissimum
913 2993 983 3031 est
1021 2991 1065 3031 in
1104 2991 1343 3032 comoedia.
1386 2991 1505 3032 Idem
1551 2991 1666 3032 valet
1708 2992 1761 3033 de
1796 2991 1848 3033 tr.
1882 2991 1923 3042 8,
1956 2990 2031 3032 ubi

329 3067 391 3096 vs.
411 3058 435 3096 2
464 3057 765 3108 σιδηρότευκτον
792 3056 960 3099 ἐναλίων
986 3062 1128 3111 θηρῶν
1154 3057 1267 3111 βέλος
1298 3060 1492 3110 tragicae
1517 3061 1586 3100 est
1611 3059 2029 3110 grandiloquentiae.

270 3125 335 3164 Fr.
370 3126 408 3174 7,
447 3127 483 3164 1.
515 3128 735 3177 λυχνοῦχον
772 3125 1008 3168 <romoni-³·
1045 3127 1124 3179 BL,
1157 3126 1270 3177 quod
1301 3127 1661 3168 incertissimum.

273 3193 338 3232 Fr.
373 3194 437 3243 10,
477 3195 511 3233 1.
693 3194 986 3245 κατάβαλλε
1019 3192 1201 3244 τάκάτια,
1230 3193 1297 3234 καὶ
1329 3194 1546 3234 nullut«

623 3260 740 3311 αἴρου
770 3259 817 3300 τὰ
846 3260 983 3312 μείζω,
1013 3260 1088 3301 urg.

2034 2818 2103 2970 ἃ]

2200 2994 2216 3015 'u

2194 3017 2216 3039 ’ἲ
