2216 3522
1133 169 1218 209 206

300 302 364 340 Fr.
398 299 497 340 283.
541 298 583 337 Si
635 298 751 337 recte
801 297 1034 347 καταγελᾶτε
1075 294 1288 334 adversus
1329 303 1401 333 me
1438 292 1644 334 tuebatur
1686 293 1827 345 Kock,
1879 303 2059 336 consen·

358 371 535 407 taneum
582 368 650 405 est
696 363 873 404 Aetolos
919 363 1138 414 καταγελᾶν
1180 363 1333 402 contra
1383 370 1512 400 usum
1555 361 1740 402 atticum
1781 371 1882 402 cum
1911 361 2061 404 dativo

356 433 652 481 coniunxisse,
711 434 757 471 ut
813 430 955 470 facere
1001 429 1114 470 solet
1155 428 1421 478 HerodotuS,
1469 428 1594 468 cuius
1639 428 1758 469 locos
1804 428 1890 470 huc
1933 430 2059 480 perti·
2130 485 2136 491 ᾳ

357 504 509 542 nentes
542 499 698 539 iniuria
728 497 983 538 sollicitavit
1016 496 1163 537 Cobet.
1692 545 1695 549 ἢ

298 571 364 610 Fr.
399 570 498 609 287.
541 569 771 615 Anonymo
814 565 945 606 Arist.
988 565 1121 605 Bekk.
1154 564 1293 604 altero
1325 563 1419 603 loco
1451 574 1474 604 e
1507 563 1647 613 priore
1678 562 1742 604 Bl.
1775 563 2061 616 διαπορητικόν

357 637 495 677 reddit
534 645 609 685 pro
655 631 958 683 ἐπαπορητικόν.
1007 631 1192 672 Facilior
1239 633 1389 671 tamen
1437 630 1648 671 correctio
1694 631 1764 670 est
1804 628 2060 685 ἀπορητικόν.

357 705 467 744 Utut
498 704 583 752 est,
619 702 662 741 in
694 702 787 751 ipso
819 700 1066 749 fragmento
1092 698 1339 748 elegantius
1365 700 1435 738 est
1455 698 1668 738 traditum
1695 696 1774 750 ἄρα
1798 708 1932 748 quam
1947 698 2063 750 quod

357 772 420 811 Bl.
453 770 660 810 substitui
694 768 810 807 iubet
842 766 962 817 πάρα.

299 840 364 879 Fr.
385 839 483 878 288.
511 837 665 877 Pollux
683 836 723 875 II
741 836 797 875 35
823 832 890 873 καὶ
915 832 1228 884 ἓψήσασθαι
1255 829 1299 872 δὲ
1324 830 1397 883 τὴν
1423 831 1554 884 κόμην
1581 831 1624 872 τὸ
1651 838 1901 885 καταρχῶσαι
1928 831 2064 887 ἔἎεγον

1179 898 1251 950 τὴν
1283 899 1415 950 κόμην
1446 896 1706 951 ἡψήσατο.

357 972 536 1012 Difficile
576 971 691 1011 dictu
725 973 809 1019 est,
863 969 1079 1018 quomodo
1126 967 1238 1007 sibi
1281 978 1519 1018 coquere
1562 968 1643 1008 hoc
1683 978 1818 1009 sensu
1860 969 2062 1019 usurpari

357 1040 557 1090 potuerit.
601 1039 688 1077 Aut
728 1037 868 1086 fallor,
907 1038 984 1076 aut
1023 1036 1365 1085 grammaticum
1407 1035 1578 1085 decepit
1609 1037 1815 1086 corrupta
1845 1036 1976 1077 lectio
2006 1046 2063 1077 ex

356 1107 605 1156 ἐψήσατο,
635 1105 747 1144 sibi
780 1103 1072 1153 infricuit,
1105 1103 1328 1143 infecit.

299 1175 363 1214 Fr.
398 1175 496 1223 294,
535 1175 570 1213 1.
607 1173 699 1213 Non
733 1173 967 1212 contentus
997 1171 1306 1211 emendatione
1338 1180 1440 1210 mea
1470 1172 1647 1221 recepta
1678 1181 1705 1211 a
1735 1170 1901 1212 Kockio
1930 1170 2064 1224 κυρίτ-

355 1257 431 1280 ῑων
463 1252 539 1291 pro
570 1239 737 1287 κυλίων,
777 1239 840 1279 Bl.
880 1238 1081 1288 proponit
1112 1238 1329 1288 διακυκῶν,
1359 1238 1568 1287 producto
1599 1237 1720 1278 brevi
1750 1238 1892 1279 vocali
1921 1238 1979 1280 0!
2002 1259 2062 1268 —

357 1310 548 1358 Longino
580 1308 633 1347 de
661 1307 773 1347 subl.
807 1308 847 1356 3,
881 1308 907 1346 4
940 1306 1049 1346 bene
1080 1306 1195 1346 idem
1228 1306 1370 1346 reddit
1399 1305 1454 1354 εἰς
1490 1304 1612 1348 <τὸ>
1648 1305 1837 1359 ῥωπικόν.

300 1376 365 1415 Fr.
399 1376 497 1415 296.
531 1374 636 1414 Coll.
670 1375 742 1413 Ar.
776 1373 884 1413 Nub.
923 1374 1048 1423 1168,
1083 1373 1187 1413 olim
1220 1373 1359 1412 suasi:
1631 1388 1639 1394 ·

605 1437 703 1490 εἶτα,
734 1440 868 1490 φίλος,
899 1439 996 1491 ἔχεις
1028 1443 1200 1492 γυναῖκα
1233 1439 1420 1492 σχοινίων
1451 1439 1751 1493 πωλουμένων;

354 1521 408 1549 ex
442 1511 534 1559 ipso
567 1509 736 1549 Donato
767 1518 843 1558 pro
874 1504 951 1557 φίλ’
987 1504 1049 1557 ὃς,
1080 1509 1152 1557 qui
1186 1518 1293 1547 usus
1324 1508 1517 1549 Homero
1550 1511 1595 1550 et
1624 1510 1807 1559 tragicis
1837 1512 1908 1551 est
1936 1509 2059 1552 fami·

356 1578 632 1617 liarissimus.
665 1576 811 1625 Neque
841 1586 950 1624 opus
978 1586 1075 1615 esse
1099 1575 1322 1624 Blaydesii
1351 1576 1605 1616 coniectura
1629 1578 1739 1628 φίλε,
1766 1579 1923 1630 γαμεῖς,
1950 1577 2062 1626 (fut.)

356 1646 629 1684 demonstrat
676 1654 716 1683 v.
750 1653 785 1683 c.
834 1642 1101 1692 Antiphanis
1147 1642 1198 1682 fr.
1235 1643 1332 1693 100,
1366 1644 1407 1693 4,
1451 1643 1565 1693 quod
1605 1645 1700 1695 ipse
1739 1644 1912 1686 attulit:
1952 1647 2063 1693 πλεῖς

357 1718 456 1758 (non
488 1714 669 1756 πλευσεῖ)
701 1709 773 1761 τὴν
804 1710 1007 1748 θάλατταν
1038 1709 1224 1762 σχοινίων
1254 1709 1548 1760 πωλουμένων;

297 1782 363 1821 Fr.
398 1781 497 1819 298.
530 1779 739 1819 Aeschini
770 1780 887 1818 recte
919 1778 983 1817 Bl.
1018 1776 1289 1828 Παρμένωνος
1321 1778 1463 1818 reddit
1492 1789 1569 1829 pro
1602 1777 1897 1831 Παρμένοντος.

297 1849 362 1887 Fr.
397 1848 644 1887 299-301.
680 1846 774 1885 Vid.
807 1845 974 1895 Nauck,
1008 1845 1103 1885 Mel.
1137 1845 1194 1884 VI
1230 1846 1326 1886 159.
1360 1846 1545 1886 Fallitur
1580 1846 1639 1886 ibi
1671 1847 1739 1887 vir
1769 1847 1972 1898 egregius
2001 1847 2054 1888 ad

356 1916 407 1955 fr.
440 1916 526 1955 310
563 1925 626 1962 sq.
668 1914 710 1952 in
755 1913 991 1952 Herodiani
1031 1912 1125 1953 loco
1167 1914 1389 1954 coniciens
1430 1914 1647 1966 μινθοβάψ
1685 1924 1764 1965 pro
1805 1915 2056 1968 πλινθοβάψ.

355 1983 416 2022 Cf.
450 1982 683 2022 Arcadium
716 1981 786 2030 94,
824 1981 890 2020 13.

297 2051 363 2090 Fr.
396 2051 497 2089 328.
524 2046 690 2099 ὀρεινόν.
718 2048 824 2087 Poll.
843 2047 922 2086 VII
945 2049 1001 2087 69
1027 2045 1261 2099 ἄκναμπτον
1287 2048 1330 2093 (l.
1348 2046 1567 2102 ἅγναπτον)
1591 2048 1748 2100 ἱμάτιον
1774 2046 1988 2102 ὀρεινὸν
2013 2048 2059 2091 τὸ

355 2116 393 2155 οἶ
424 2115 534 2166 μέσοι
564 2115 748 2165 κωμικοί,
789 2114 918 2166 ὥσπερ
958 2113 1308 2167 εἰργασμένον
1341 2116 1384 2156 τὸ
1417 2115 1677 2169 ἐγναμμὲνον.
1710 2118 1813 2169 Ipsa
1842 2117 2058 2169 oppositio

354 2184 479 2224 docet
510 2183 729 2223 Pollucem
762 2184 991 2232 scripsisse
1022 2181 1205 2236 ἀργόν,
1236 2186 1286 2224 ut
1316 2185 1533 2235 corrigere
1565 2186 1797 2235 occupavit
1826 2185 2058 2227 Headlam.

299 2253 364 2292 Fr.
399 2252 498 2291 333.
540 2250 880 2301 προυνίκους.
923 2251 984 2291 Cf.
1027 2252 1216 2292 Lexicon
1258 2262 1408 2293 meum
1440 2253 1760 2305 suppletorium
1791 2255 1838 2293 et
1866 2252 2057 2294 dialecti·

357 2329 455 2359 cum
489 2329 524 2358 s.
560 2328 597 2357 v,
632 2328 727 2367 pag.
762 2319 863 2357 717.

416 2387 527 2424 Ante
574 2385 623 2424 fr.
657 2386 742 2425 336
784 2385 918 2425 inseri
962 2390 1146 2435 possunt
1191 2387 1274 2426 duo
1316 2387 1564 2437 fragmento
1607 2398 1630 2427 e
1672 2387 1921 2428 Philetaero
1959 2387 2056 2428 Vat.

357 2453 489 2492 Cohn.
523 2453 603 2492 Rh.
637 2452 744 2492 Mus.
779 2463 817 2502 p.
851 2454 937 2492 414
980 2458 1034 2498 (a.
1072 2454 1223 2499 1888):
1266 2454 1309 2493 τὸ
1351 2453 1611 2507 ἀγοράσαι
1653 2454 1703 2495 οὐ
1734 2454 1862 2505 μόνον
1891 2452 1955 2495 lul
1985 2459 2057 2495 τοῦ

357 2519 398 2558 ἐν
431 2519 555 2574 ἀγορᾷ
588 2520 791 2570 διατρῖψαι
826 2518 922 2559 ἀλλὰ
953 2521 1143 2571 συνήθως
1176 2518 1289 2572 ἡμῖν·

1392 2589 1544 2630 οὐκοῦν
1575 2589 1770 2644 ἀγοράσαι

562 2655 632 2707 χρὴ
665 2654 721 2694 νὼ
754 2654 847 2706 πρὶν
883 2653 1054 2695 ἀπιέναι.

358 2728 399 2762 el
431 2724 620 2773 λεκάνη
653 2722 718 2762 διὰ
750 2728 819 2762 τοῦ
852 2731 884 2761 ὲ·

561 2791 693 2841 βούλει
725 2790 874 2840 κομίσω
906 2801 968 2829 σοι
1000 2790 1073 2841 τὴν
1105 2791 1301 2843 λεκανήνς

302 2859 363 2896 Fr.
399 2860 496 2906 ³336,
532 2862 569 2898 ι’).
600 2858 782 2907 πραόνως
811 2861 927 2898 recte
944 2859 1007 2898 Β1.
1026 2870 1102 2909 pro
1128 2858 1295 2910 πραέως.
1318 2882 1365 2889 -
1388 2861 1461 2901 Vs.
1480 2862 1520 2901 9.
1548 2861 1762 2902 Neutrum
1780 2871 1920 2912 genus
1936 2861 2056 2902 vocis

356 2927 489 2970 σκιῐως
517 2926 620 2964 facit
643 2936 717 2974 pro
743 2926 963 2965 sententia
986 2935 1124 2967 novae
1142 2928 1391 2968 comoediae
1409 2929 1490 2969 hoc
1506 2930 1800 2979 fragmentum
1830 2929 2055 2980 assignan-

356 2993 456 3030 dum
496 3003 614 3041 esse,
658 2993 861 3040 quoniam
902 2993 943 3032 in
978 2996 1142 3044 vetere,
1177 2998 1224 3034 ut
1255 2995 1368 3044 apud
1402 2997 1610 3047 tragicos,
1643 2998 1713 3037 est
1743 2991 2056 3037 masculinumZ

301 3059 362 3096 Fr.
398 3060 480 3097 337
515 3064 566 3108 (p.
602 3060 714 3102 470).
767 3059 855 3106 „Ex
902 3061 1127 3101 comoedia
1174 3062 1281 3102 haec
1325 3067 1534 3113 excerpta
1580 3074 1678 3104 esse
1723 3063 1946 3105 sententia
1985 3065 2055 3104 eet

358 3127 404 3163 Α.
442 3126 616 3164 Nnuckii
660 3127 772 3165 etc.''
815 3127 966 3167 scribit
1008 3128 1141 3169 Kook.
1189 3129 1483 3171 Dubitabundl
1525 3134 1691 3173 tamen.
1734 3130 1831 3172 vid.
1872 3130 2054 3172 Nauckii

362 3191 452 3229 ‚xis-1.
492 3192 539 3228 vl
578 3205 612 3239 μ.
654 3195 745 3231 145.
