2216 3522
1062 196 1148 236 220

223 318 290 357 Fr.
330 316 454 357 1328.
488 318 680 359 Nauckio
711 318 738 357 1.
758 317 785 357 1.
820 316 959 357 multo
992 318 1257 367 probabilius
1289 319 1396 359 baec
1429 317 1562 358 verba
1591 317 1791 357 tentasse
1817 314 1990 354 videtur

282 385 476 426 Meineke
507 387 550 426 in
582 385 806 434 Philologo
837 384 939 423 XIV
971 396 1011 435 p.
1046 386 1115 425 22.

224 453 291 492 Fr.
329 446 454 500 1282.
503 454 691 494 Omnino
733 453 841 495 nihil
884 453 1038 493 comici
1078 464 1234 504 sapere
1276 454 1346 493 hic
1384 453 1508 493 locus
1539 452 1649 492 mihi
1680 450 1867 490 videtur.
1897 448 1988 490 Nec

282 520 407 560 facile
439 524 569 571 poeta
601 522 796 561 comicus
826 520 1023 571 μοιχεύων
1056 517 1177 568 ἁλοὺς
1211 521 1397 561 dixisset
1430 530 1506 570 pro
1540 521 1675 570 μοῖχος
1707 515 1842 563 ἁλούς.

224 587 291 627 Fr.
328 588 453 628 1340.
503 588 661 628 Utrum
709 587 970 628 Eustathius
1015 588 1183 628 dederit
1222 587 1335 637 quod
1377 587 1566 628 traditur
1606 584 1827 636 ξυράμενον
1862 585 1989 632 (quae
2021 621 2035 634 ,

280 654 422 694 forma
462 658 638 706 saepius
678 657 790 706 apud
834 654 1013 695 infimae
1054 656 1216 696 aetatis
1255 656 1492 705 scriptores
1522 653 1724 699 occurrit)
1757 661 1813 692 an
1844 650 1988 701 ξυρού-

282 736 403 771 μενον
446 725 509 769 (ut
547 724 725 773 corrigit
756 723 835 768 Bl.)
877 733 1032 773 parum
1065 723 1216 776 refert,
1260 723 1336 762 sed
1376 723 1414 762 si
1447 733 1548 762 vere
1580 721 1643 761 Bl.
1678 721 1741 760 ita
1772 717 1986 767 correxit,

282 800 359 829 cur
390 792 649 831 mendosum
682 791 857 840 reliquit
888 791 1000 839 quod
1032 792 1186 831 statim
1219 790 1500 839 subsequitur
1530 788 1756 839 ξύρεσθαιῖ

225 857 291 896 Fr.
329 858 454 897 1352.
502 859 653 899 Nauck
699 859 795 899 Mel.
830 858 887 897 VI
918 869 959 908 p.
997 859 1079 898 163
1126 858 1384 909 „Fresenius
1425 861 1470 897 et
1510 858 1555 897 L.
1584 856 1705 897 Cohn
1746 854 1990 895 docuerunt

280 924 560 965 Eustathium
591 926 699 966 haec
727 926 1059 976 transcripsisse
1087 926 1271 967 collecta
1302 926 1356 966 ab
1386 926 1498 966 aliis.
1530 926 1624 965 Hae
1647 923 1800 965 sordes
1824 920 1988 972 petitae

281 994 386 1031 sunt
415 1002 471 1031 ex
503 993 709 1033 Suetonio
739 993 828 1045 περὶ
858 994 1166 1045 βλασφημιῶν.
1195 1016 1249 1022 —-
1277 994 1628 1044 Hipponacteum
1662 989 1896 1044 βορβορόπη
1920 986 1986 1028 Bl.

281 1062 508 1109 comparat
538 1071 637 1100 cum
674 1060 925 1113 Παρθενόπη
956 1064 1002 1102 et
1032 1061 1282 1114 Σαλαβακχώ
1324 1061 1514 1101 formato
1554 1070 1610 1101 ex
1650 1052 1987 1110 σαλάβη--τόπή-
2034 1063 2037 1066 ’

223 1125 291 1165 Fr.
329 1126 455 1166 1361.
487 1127 553 1167 Ad
587 1128 767 1168 verbum
801 1128 1000 1177 λαικάζειν
1031 1129 1166 1170 alludi
1197 1131 1326 1180 putat
1355 1129 1420 1169 Bl.

223 1193 292 1232 Fr.
329 1194 456 1233 1362.
503 1195 625 1235 Idem
673 1196 816 1236 deleto
857 1210 879 1233 κ
921 1197 1052 1237 scribi
1099 1197 1195 1237 vult
1250 1193 1712 1247 λακκοσαπέρὸην,
1757 1190 1987 1232 conferens

280 1260 547 1311 λακκόπεδον,
600 1263 923 1315 λακκόπρωκτος,
974 1263 1234 1316 λακκοσχέας,
1278 1265 1354 1304 sed
1400 1264 1553 1304 docere
1598 1259 1863 1313 supersedit,
1910 1257 1987 1308 <1²11

280 1328 458 1368 tandem
499 1330 633 1379 piscis
673 1331 820 1372 salsus
850 1330 1051 1384 σαπέρδης
1082 1343 1242 1373 nomen
1274 1332 1423 1372 indere
1454 1331 1647 1382 potuerit
1676 1326 1881 1380 podici,
1918 1325 1985 1365 sic

280 1397 397 1436 enim
445 1396 694 1446 Hesychius
738 1398 1228 1452 λακκοσκαπέρδης·
1275 1398 1590 1451 λακκόπρωκτος.
1646 1396 1787 1447 Quare
1826 1402 1984 1435 sanam

280 1464 421 1504 iudico
458 1466 669 1506 traditam
700 1468 983 1518 scripturam,
1017 1470 1062 1509 et
1091 1468 1226 1509 alludi
1257 1468 1311 1508 ad
1342 1468 1452 1507 satis
1483 1466 1682 1517 amplum
1711 1464 1908 1504 foramen
1938 1460 1985 1501 in

281 1532 398 1582 palo,
426 1543 502 1582 per
533 1534 646 1582 quod
677 1534 721 1574 in
752 1535 854 1575 ludo
886 1536 955 1575 cui
986 1535 1254 1587 σ’κάπερδα
1285 1545 1447 1575 nomen
1478 1534 1598 1574 funis
1627 1531 1840 1572 traiectus
1869 1530 1983 1578 erat,

281 1609 364 1648 quo
395 1600 479 1639 duo
510 1602 631 1649 pueri
662 1602 761 1651 palo
792 1602 1020 1643 adstantes
1052 1613 1209 1643 averso
1241 1612 1419 1652 corpore
1451 1601 1562 1642 alter
1586 1601 1775 1640 alterum
1806 1605 1984 1637 sursum

279 1667 453 1707 trahere
483 1668 749 1709 nitebantur.
782 1669 843 1710 cf.
876 1670 1034 1710 Pollux
1059 1671 1122 1711 IX
1152 1672 1248 1711 116.
1274 1669 1571 1711 Translationi
1595 1668 1785 1708 fortasse
1808 1662 1989 1706 favebat

279 1734 520 1775 similitudo
558 1737 772 1785 quaedam
805 1738 1117 1779 vocabulorum
1148 1738 1350 1790 σκάπερδα
1381 1739 1426 1778 et
1455 1735 1694 1787 πέρδεσθαι,
1734 1736 1784 1774 ut
1814 1733 1988 1773 veteres

280 1802 324 1841 in
356 1803 661 1853 etymologicis
690 1804 1009 1846 absurdissima
1039 1817 1234 1856 quaeque
1266 1806 1500 1846 admisisse
1532 1803 1719 1844 constat.

224 1869 291 1909 Fr.
328 1870 455 1909 1367.
489 1871 746 1912 Suetonium
779 1874 892 1923 apud
924 1874 1143 1914 Millerum
1185 1874 1259 1914 cft.
1291 1873 1442 1913 Nauck
1474 1872 1501 1912 1.
1534 1872 1562 1911 1.
1594 1882 1634 1921 p.
1667 1870 1768 1910 415.
1803 1889 1857 1897 --
1890 1865 1985 1919 Νώ-

281 1940 435 1988 θουρος
467 1938 493 1977 i.
528 1950 568 1987 q.
611 1939 771 1991 νωθρὸς
811 1940 980 1991 (νωθὴς)
1022 1940 1094 1991 τὴν
1135 1940 1263 1993 οὐράν
1292 1956 1347 1973 =
1374 1939 1447 1991 τὴν
1487 1937 1630 1990 κέρκον
1670 1937 1765 1977 sive
1805 1934 1849 1975 τὸ
1889 1932 1984 1982 πέος

281 2013 379 2043 esse
408 2005 543 2044 etiam
575 2007 669 2047 sine
699 2007 930 2057 Blaydesio
959 2009 1188 2048 sciremus

224 2071 290 2110 Fr.
329 2072 455 2111 1372.
503 2072 743 2124 Utrobique
790 2076 902 2125 apud
948 2076 1170 2117 Pollucem
1214 2086 1290 2126 pro
1332 2074 1374 2114 οἱ
1410 2071 1576 2124 κωμικοὶ
1618 2072 1683 2112 Bl.
1724 2069 1908 2120 requirit
1946 2068 1990 2109 οἱ

284 2138 476 2190 Δωρικοὶ,
522 2143 568 2181 at
607 2142 670 2182 ita
710 2146 787 2183 aut
819 2143 967 2196 Δώριοι
1007 2146 1084 2184 aut
1115 2146 1300 2195 Δωριεῖς,
1339 2143 1385 2183 ni
1423 2141 1565 2192 fallor,
1603 2139 1869 2190 scripsisset.
1902 2137 1985 2178 Sed

284 2207 336 2247 cs.
369 2207 522 2247 Kockii
552 2211 717 2250 notam.

225 2275 292 2314 Fr.
330 2275 455 2316 1376.
498 2277 835 2328 σεσωσμένοι·
878 2278 1039 2331 γυναικὶ
1080 2277 1342 2331 συγγεγονὼς.
1384 2277 1634 2327 speciosius
1673 2284 1806 2324 quam
1840 2272 1987 2314 verius

284 2343 346 2383 Bl.
389 2342 574 2384 coniecit
619 2344 941 2400 σεσῃσμένος
988 2346 1264 2393 (drained).
1302 2345 1397 2385 Non
1439 2344 1558 2384 enim
1601 2341 1654 2390 ὡς
1694 2341 1762 2382 διὰ
1795 2340 1986 2381 κοσκίνου

285 2412 364 2450 viri
390 2421 440 2451 eo
472 2414 571 2452 actu
604 2414 933 2465 perfunguntur.
966 2415 1134 2455 Durum
1164 2425 1271 2455 sane
1302 2416 1371 2454 est
1403 2413 1629 2463 vulgatam
1658 2412 1723 2452 ita
1752 2409 1985 2460 explicare,

284 2481 331 2518 ut
362 2479 405 2518 in
439 2481 663 2521 comoedia
704 2483 850 2532 aliqua
890 2484 1006 2524 dicta
1046 2485 1105 2523 sit
1136 2483 1324 2524 antehac
1353 2481 1656 2531 despondenti,
1689 2489 1807 2520 nunc
1836 2477 1984 2528 salvo,

282 2557 380 2585 cum
415 2550 564 2587 amata
595 2551 761 2598 potitus
792 2552 864 2591 sit.
898 2552 1006 2601 Quid
1037 2552 1176 2591 lateat
1206 2560 1292 2590 non
1325 2550 1502 2599 exputo.

224 2613 290 2652 Fr.
329 2615 439 2653 1383
465 2616 633 2656 —1582.
682 2617 742 2657 De
788 2619 857 2658 his
904 2619 1057 2659 Kockii
1099 2616 1497 2658 halucinationibus
1538 2614 1691 2655 Nauck
1730 2615 1758 2655 l.
1800 2614 1848 2664 1.,
1901 2622 1986 2663 qua

283 2684 377 2721 erat
407 2683 552 2723 iudicii
593 2686 784 2726 sanitate
817 2687 883 2726 vir
913 2687 1122 2736 eximius,
1156 2694 1310 2726 severe
1340 2684 1416 2724 sed
1447 2683 1612 2733 optime
1643 2682 1867 2723 iudicavit.

228 2748 292 2787 Fr.
332 2750 514 2799 1389,1.
549 2752 574 2790 6
607 2762 663 2791 ex
697 2754 869 2793 Pindari
902 2754 952 2794 fr.
991 2755 1072 2794 169
1104 2756 1255 2794 sumta
1284 2763 1382 2793 esse
1414 2750 1638 2801 perspexit
1667 2750 1797 2790 idem.

228 2816 292 2855 Fr
331 2817 455 2866 1573,
488 2829 526 2867 p.
561 2820 661 2869 681,
695 2820 721 2860 1
760 2822 812 2860 10
843 2832 907 2871 sq
941 2821 1148 2871 Aeschyli
1179 2823 1249 2862 est
1278 2821 1330 2861 rr.
1365 2820 1450 2860 250
1483 2818 1602 2865 (Νσιι.
1608 2814 1653 2864 ²)

343 2885 425 2923 Cur
453 2886 570 2925 Kock
600 2888 975 2929 Monostichis
1002 2889 1357 2930 Menandreis
1382 2889 1495 2928 inter
1522 2886 1699 2926 Dubia
1723 2887 1775 2925 et
1799 2883 1988 2935 spuria

283 2950 425 2990 locum
469 2954 750 3003 denegaverit
778 2956 942 3006 ignoro
972 2943 1100 3007 Quia
1125 2959 1275 2997 tamen
1307 2956 1363 2996 ad
1394 2956 1475 2995 hoc
1506 2958 1635 3004 caput
1666 2952 1887 3003 pertinent
1916 2950 1989 2991 hic

283 3019 458 3069 uidam,
498 3031 607 3069 quae
639 3034 665 3062 a
696 3024 803 3063 viris
833 3025 974 3064 doctis
1006 3027 1105 3074 post
1136 3023 1399 3064 Meinekium
1432 3023 1628 3063 coniecta
1658 3031 1756 3062 esse
1781 3018 1986 3071 cognovi:

287 3086 357 3124 Vs.
396 3089 460 3127 13.
494 3090 555 3129 (Ji.
588 3090 697 3131 Men.
732 3091 789 3130 IV
823 3092 907 3131 293
950 3094 994 3132 et
1038 3093 1122 3132 264
1165 3091 1296 3141 soph.
1329 3090 1380 3130 fr.
1414 3090 1499 3130 296
1533 3089 1641 3135 (ΒΙ.).

286 3157 357 3196 Vs.
393 3161 459 3197 530,
496 3159 727 3199 Richards:
761 3157 782 3198 ὁ
814 3159 977 3211 χρηστὸς
1009 3169 1086 3210 pro
1116 3157 1286 3211 ἄριστος.

287 3227 358 3267 Vs.
393 3229 445 3266 34
469 3243 519 3258 z:
541 3227 762 3267 Menandri
796 3228 847 3267 fr.
882 3229 981 3267 595.
