2216 3522
1083 199 1165 238 120

449 326 474 363 5
511 325 550 361 Β.
581 325 756 375 γλαῦκον
787 319 920 373 λέγεις.
954 324 1002 360 Α.
1034 319 1221 374 ἔγνωκας.
1261 322 1344 362 <Β.
1375 318 1471 362 ἄλλο
1507 336 1575 373 μοι
1607 320 1748 375 Mys>

512 394 557 429 A.
596 388 785 437 (λέξω).
817 385 891 439 μετ’
927 387 1061 428 αὐτῶν
1092 385 1128 427 δ’
1164 386 1265 427 εἰσὶν
1297 386 1503 439 ἐκπρεπεῖς
1533 388 1661 439 φύσιν

507 458 553 497 αι’
579 459 870 509 ξανθοχρῶτες,
899 454 947 504 ἃς
977 456 1138 497 κλύδων
1170 455 1409 504 Αἰξωνικοῖς

507 530 645 564 πασῶν
676 522 837 576 ἀρίστας
869 522 911 563 ἐν
942 523 1078 571 τόποις
1109 523 1350 564 παιδεύεται·

508 587 570 640 αἷς
599 590 666 631 καὶ
697 590 800 631 θεὰν
832 597 972 641 τιμῶσι
1002 590 1225 643 φωσφόρον
1256 590 1404 643 κόρην,

425 661 476 699 10
508 659 680 699 δείπνων
713 658 808 698 ὅταν
839 657 1023 709 πέμπωσι
1055 658 1164 710 δῶρα
1198 657 1388 698 ναυτίλοι.

511 728 552 766 Β.
583 726 737 779 τρίγλας
764 724 899 779 λέγεις.
935 728 1023 767 <A.
1055 724 1243 778 ἔγνωκας.
1278 726 1320 764 Β.
1352 723 1447 764 ἄλλο
1479 739 1547 776 μοι
1577 724 1719 779 λέγε).

516 797 636 833 <Α.>
675 793 972 847 γαλακτόχρωτα
1003 792 1138 844 (-χρῶς
1170 807 1207 832 τε
1240 792 1378 839 Kock)
1409 791 1576 841 Σικελὸς
1607 789 1655 832 ὃν
1682 789 1856 846 πήγνυσ’
1889 790 2002 846 ὄχλος

511 932 553 969 Β.
585 930 746 982 ῥόμβος.

299 998 347 1037 In
381 998 551 1038 ultimis
583 1008 685 1038 vero
715 997 941 1047 ingeniose
973 997 1216 1037 coniciens:

1132 1061 1180 1103 ὃν
1212 1060 1385 1117 πήγνυσ’
1421 1062 1533 1117 ὄχλος

507 1132 750 1184 θρόμβον

513 1201 593 1239 <Β.
639 1199 760 1252 τυρὸν
792 1199 926 1253 λέγεις.
959 1204 1007 1240 Α.
1040 1199 1227 1254 ἔγνωκας.
1263 1202 1304 1239 Β.
1338 1198 1434 1240 ἄλλο
1467 1214 1534 1251 μοι
1567 1198 1707 1252 Mys>

239 1268 279 1307 si
307 1277 459 1307 verum
487 1269 612 1318 vidit,
641 1269 801 1308 erroris
826 1269 971 1319 arguit
997 1269 1295 1318 Athenaeum,
1323 1278 1454 1318 quem
1477 1266 1624 1319 ῥόμβος
1640 1267 1802 1317 legisse
1817 1267 2006 1307 constat.

358 1335 492 1375 Recte
523 1336 570 1376 Ο.
590 1335 770 1376 Crusius
810 1338 1084 1387 comparavit
1120 1337 1336 1387 Epicratis
1367 1336 1418 1376 fr.
1454 1337 1540 1376 709
1572 1337 1618 1375 et
1648 1335 1765 1375 Suid.
1799 1344 1851 1375 ac
1879 1333 2005 1374 Phot.

300 1413 394 1443 s.v.
427 1403 707 1451 θυννάζοντες.
742 1426 795 1432 -
828 1404 969 1445 Verbo
1009 1400 1183 1457 mjyvvo’
1224 1402 1337 1456 ὄχλος
1370 1404 1531 1453 duplici
1563 1403 1816 1444 coniectura
1847 1400 2006 1442 violen-

301 1470 476 1511 tissima
505 1471 672 1512 frustra
702 1472 913 1513 sollicitat
943 1472 1146 1522 Blaydes.

242 1601 462 1646 Alexidis
493 1604 544 1644 fr.
583 1606 619 1655 1,
654 1606 693 1646 2.
727 1605 881 1658 πράσον
913 1617 988 1656 pro
1020 1606 1153 1658 λίτρον
1180 1606 1347 1646 frustra
1377 1605 1441 1646 Bl.
1936 1654 1940 1659 ,

243 1672 309 1711 Fr.
343 1673 382 1721 2,
413 1673 452 1712 7.
485 1673 607 1712 Idem
640 1672 861 1725 ψυκτήριον
893 1685 969 1724 pro
995 1673 1281 1726 ψυκτηρίδιον,
1313 1674 1438 1714 cuius
1469 1671 1848 1723 antepaenultima
1877 1669 2010 1720 longa

301 1740 373 1779 sit.
409 1762 461 1768 —
496 1740 569 1780 Vs.
603 1741 643 1780 8.
677 1740 759 1781 Cft.
794 1742 994 1781 Menand.
1028 1741 1087 1781 IV
1123 1742 1220 1782 180.

244 1807 310 1846 Fr.
344 1808 384 1847 4.
418 1804 455 1846 δ’
490 1802 607 1855 οὗτος
639 1807 751 1860 φέρει
782 1819 868 1849 non
901 1809 1018 1849 male
1050 1809 1115 1850 Bl.

244 1874 311 1914 Fr.
345 1877 384 1925 5,
420 1875 459 1915 2.
503 1874 793 1927 ὑπερθύουσαν
833 1887 993 1916 sanum
1036 1887 1135 1917 esse
1175 1876 1304 1917 hodie
1341 1876 1487 1927 credo,
1524 1876 1626 1916 licet
1655 1875 1795 1924 θύειν,
1825 1874 2006 1914 aestu-

302 1942 431 1981 andi
478 1952 611 1982 sensu
657 1944 850 1994 positum
898 1954 1115 1993 nusquam
1163 1944 1267 1984 alibi
1315 1945 1358 1984 in
1400 1943 1627 1984 comoedia
1667 1942 1890 1993 appareat,
1930 1939 2008 1981 sed

302 2010 469 2059 tragica
503 2011 882 2061 grandiloquentia
917 2012 986 2051 hic
1019 2012 1162 2061 potuit
1193 2012 1403 2052 affectari.
1436 2010 1639 2051 Ceterum
1667 2020 1718 2050 eo
1744 2018 1879 2049 sensu
1905 2017 2012 2048 vera

303 2076 422 2116 verbi
464 2077 607 2118 forma
646 2079 830 2118 θυίειν
875 2079 1060 2130 videtur,
1104 2089 1216 2129 quae
1254 2080 1389 2119 etiam
1421 2078 1609 2119 traditur
1640 2078 1685 2118 in
1715 2076 1856 2117 altero
1888 2074 2010 2116 verbi

303 2146 535 2194 compositi
576 2147 798 2197 exemplo,
841 2147 955 2196 quod
997 2148 1248 2198 nuperrime
1293 2147 1452 2196 prodiit
1497 2156 1552 2187 ex
1593 2144 1811 2186 Timothei
1852 2141 2011 2184 Milesii

304 2211 450 2251 Persis
498 2223 562 2253 vs.
607 2214 662 2254 75
710 2212 794 2253 ἐπεὶ
840 2211 875 2253 δ’
927 2212 1149 2267 ἀμβόλιμος
1194 2213 1298 2266 ἅλμα
1340 2213 1531 2266 στόματος
1586 2210 1909 2264 ὖπερέθυιεν
1963 2210 2009 2250 in

303 2290 465 2329 papyro
507 2281 756 2322 Alexandro
805 2292 967 2331 magno
1008 2282 1179 2332 aequali
1221 2284 1299 2322 aut
1337 2282 1472 2322 etiam
1514 2281 1769 2322 vetustiore.
1817 2277 2009 2319 Verbum

304 2345 544 2398 ὑπερθύωω
575 2349 699 2389 deest
730 2349 852 2398 Papii
882 2349 1038 2390 lexico.

247 2414 313 2454 Fr.
347 2415 387 2464 9,
422 2415 461 2455 2.
495 2415 522 2455 l.
556 2414 796 2467 ηὑρημένον.
831 2439 883 2445 -
917 2417 991 2457 Vs.
1025 2418 1067 2457 9.
1098 2415 1534 2467 πότοςεσυμπόσιον
1565 2415 1632 2462 (cf.
1670 2416 1752 2461 11).
1783 2413 1871 2454 Vix
1901 2422 2011 2463 opus

306 2482 461 2522 Naberi
503 2484 752 2524 coniectura
788 2484 944 2536 τρόπος.
977 2507 1029 2514 -
1063 2484 1137 2524 Vs.
1175 2485 1242 2524 12.
1274 2484 1444 2524 Ultima
1475 2483 1610 2524 verba
1640 2483 1768 2523 alteri
1797 2489 2010 2532 personae
2042 2509 2046 2513 -

307 2559 390 2588 non
423 2549 563 2590 Naber
596 2551 676 2597 (sic
707 2551 806 2601 Bl.),
839 2552 917 2592 sed
949 2562 1028 2602 ego
1060 2551 1206 2591 tribui.
1793 2602 1797 2607 Α

250 2616 315 2655 Fr.
353 2618 418 2666 15,
454 2618 493 2657 7.
563 2619 604 2656 B.
637 2613 695 2669 ἆρ’
730 2612 782 2670 ἧν
813 2618 907 2670 μετὰ
937 2615 1054 2659 ταῦθ’
1088 2615 1114 2670 ἡ
1145 2618 1328 2671 ῥάφανος
1359 2615 1421 2670 ἣν
1453 2617 1654 2670 ἐβοᾶτε;
1686 2620 1735 2658 A.
1768 2617 1846 2657 ναί.

556 2684 703 2736 χρηστὴ
733 2685 807 2738 γὰρ
839 2680 902 2737 ἦν.
936 2687 980 2727 Β.
1015 2685 1143 2726 ἔδωκα
1175 2685 1321 2737 ταύτης
1353 2682 1417 2726 δύ’
1454 2682 1625 2738 ὀβολούς
1656 2682 1846 2738 (ὀβολώῗ)

561 2755 608 2791 A.
640 2753 678 2792 τί
706 2752 798 2805 γὰρ
831 2752 1028 2805 ἕβοῶμεν;
1062 2755 1103 2793 Β.
1135 2753 1178 2794 τὸ
1210 2753 1355 2806 κύβιον
1385 2753 1617 2806 τριωβόλου.

309 2819 621 2868 Corrigendum
654 2820 691 2859 τί
719 2815 814 2871 τᾶρ’
850 2824 925 2868 (τοι
957 2817 1035 2873 ἄρ’)
1067 2821 1264 2873 ἐβοῶμενς

367 2886 724 2936 Indignabundus
775 2889 893 2929 enim
943 2888 1168 2929 exclamat
1207 2889 1315 2929 haec
1355 2898 1542 2939 persona
1582 2888 1712 2939 prior,
1753 2889 1803 2928 ut
1842 2885 2012 2927 audiv1t

308 2953 546 2993 brassicam
580 2957 703 2995 tanto
734 2956 873 3005 pretio
904 2956 1169 2996 constitisse.
1202 2956 1264 2996 De
1295 2956 1377 2996 hoc
1403 2955 1522 2997 verbi
1548 2956 1651 3008 βοᾶν
1676 2965 1760 2996 usu
1790 2954 1846 2996 cf.
1872 2955 2009 2995 etiam

312 3020 577 3060 Philemonis
610 3022 659 3062 fr.
693 3024 764 3072 41,
798 3024 823 3063 5
856 3020 983 3074 ἐβόων
1016 3019 1052 3063 δ’
1088 3022 1260 3070 ἅπαντες
1296 3021 1375 3074 ,ὡς
1406 3021 1570 3076 ἀγαθὴν
1602 3022 1733 3075 ἅλμην
1764 3021 2007 3070 necess-P—

313 3087 381 3125 Vs.
409 3090 468 3127 123.
502 3090 560 3127 Ex
580 3090 721 3129 titulis
753 3091 900 3132 atticis
926 3090 1157 3143 τέθηκας
1183 3091 1508 3132 rescribendum
1532 3102 1630 3132 esse
1646 3091 1753 3132 olim
1769 3088 1935 3131 monui.
1954 3111 2007 3119 —

312 3156 383 3195 Vs.
423 3159 469 3196 14

625 3227 663 3263 Β.
698 3223 719 3264 ὁ
751 3226 1020 3278 ταριχοπώλης
1052 3224 1204 3266 ἐστὶν
1237 3224 1369 3267 ἐλθὼν
1400 3226 1631 3267 πυνθάνου.
