2216 3522
1073 190 1155 231 152

232 317 299 356 Fr.
333 317 403 357 76.
436 313 507 363 θὲς
539 326 616 366 pro
645 311 717 355 ἕλκ’
752 315 849 355 sine
875 325 1009 355 causa
1036 314 1100 354 Bl.
1128 314 1189 355 cf.
1218 325 1258 355 v.
1281 326 1318 355 c.
1346 303 1570 355 Menandri
1595 314 1646 354 rr.
1675 313 1774 363 327,
1807 313 1844 352 1.
1870 311 1994 351 Idem

292 382 460 435 ἐμβάλω.

231 452 298 492 Fr.
334 453 402 492 77.
436 451 545 492 Cum
578 452 641 492 Bl.
675 451 807 502 probo
838 450 1048 501 Stephani
1084 451 1399 491 correctionem
1433 448 1625 501 ἕχήνισας.
1667 448 1845 489 Nullum
1877 456 1995 497 prae·

289 520 451 559 sidium
498 529 596 559 esse
636 520 680 558 in
722 520 975 568 comparato
1008 528 1035 558 a
1066 518 1232 559 Kockio
1273 517 1496 566 σιφνιάζειν
1537 517 1646 558 bene
1677 514 1899 556 intellexit
1927 513 1995 554 Bl.

290 587 400 627 Nam
427 587 611 638 χηνίζειν,
642 586 757 635 quod
789 587 858 626 est
898 586 1070 636 proprie
1102 585 1329 625 anseris
1371 586 1598 625 cantum
1636 582 1880 633 imitari,
1913 581 1995 622 for·

291 657 462 695 matum
494 657 564 694 est
594 656 642 694 ut
672 652 922 703 λακωνίζειν,
952 651 1182 703 ἀττικίζειν,
1210 654 1293 693 etc.

232 723 299 763 Fr.
332 723 401 772 80,
440 724 475 762 1.
524 721 691 772 βατιάκη
733 721 848 761 male
889 720 1103 760 sollicitat
1142 720 1207 760 Bl.
1249 721 1450 761 Recurrit
1481 729 1583 760 cum
1614 718 1718 759 alibi
1748 716 1862 767 apud
1893 715 1996 756 scri-

291 792 437 839 ptores
477 793 573 830 tum
615 790 659 829 in
696 789 826 829 titulo
853 788 964 829 BGH
1000 788 1127 838 1890,
1162 789 1262 828 412.
1297 810 1348 816 -
1372 787 1446 828 VS.
1467 788 1492 827 2
1525 780 1732 839 τετράποδ’
1766 782 1846 836 ἤδη
1876 777 1993 823 ταῦθ’

291 855 406 912 ‹Spes-3
438 858 577 907 Kock,
611 858 688 898 sed
715 856 918 906 displicet
943 854 1034 907 ἤδη.
1062 855 1164 897 Cod.
1199 859 1237 895 A
1268 855 1448 896 exhibet
1479 852 1755 906 ἀνδραπόδων
1787 851 1858 903 δή,
1888 860 1999 901 quae

289 925 504 975 particula
534 926 807 975 expectatur.
840 924 1020 964 Rectius
1046 923 1181 974 igitur
1207 923 1272 964 Bl.
1301 922 1521 975 τετράποδα
1548 920 1599 973 δὴ
1624 917 1729 961 ταῦτ’
1758 916 1860 971 ἔσθ’,
1884 916 1999 974 ὁρᾳςς

289 993 413 1033 cuius
467 992 635 1042 reliqua
684 993 935 1032 tentamina
990 992 1169 1032 silentio
1210 1001 1410 1042 premere
1456 991 1665 1042 praestat.
1713 989 1798 1030 Sed
1843 997 1999 1039 parum

289 1060 491 1100 credibile
533 1062 707 1110 propter
748 1070 886 1100 unum
927 1058 1176 1112 τραγέλαφον
1209 1061 1417 1109 quattuor
1448 1059 1525 1101 illa
1555 1057 1812 1109 poculorum
1842 1064 2004 1106 genera

287 1128 574 1177 quadripedes
622 1129 785 1178 vocari,
830 1129 979 1178 itaque
1021 1128 1212 1168 fortasse
1250 1127 1369 1168 aliud
1410 1127 1511 1176 quid
1553 1126 1667 1166 celat
1708 1123 2003 1177 ἀνδραπόδων,

290 1196 403 1245 quod
435 1204 522 1235 non
554 1197 735 1246 reperio.

349 1263 526 1303 Praeter
568 1263 757 1315 βατιάκη,
798 1264 923 1303 cuius
964 1264 1156 1313 primam
1189 1261 1558 1313 significationem
1587 1262 1862 1311 ignoramus,
1895 1258 2003 1300 ani·

291 1331 520 1370 malium
553 1332 755 1381 (piscium
788 1334 832 1372 et
850 1332 901 1379 [?]
936 1332 1045 1378 avis)
1072 1332 1178 1371 sunt
1203 1330 1337 1371 simul
1363 1330 1546 1370 nomina
1570 1336 1615 1370 et
1641 1327 1812 1381 danaim
1837 1326 2003 1368 comice

291 1409 318 1438 a
357 1397 468 1449 βατίς
510 1399 658 1448 (pisce)
698 1399 889 1439 derivari
931 1400 1124 1450 poterat,
1169 1399 1316 1448 itaque
1348 1398 1564 1438 eiusmodi
1596 1396 1699 1447 quid
1731 1395 2002 1446 expectatur,

291 1466 367 1506 sed
400 1467 650 1506 coniectura
677 1466 849 1522 ζῳδάρια
877 1467 961 1513 (vel
988 1466 1170 1518 θηρίδια)
1199 1462 1234 1506 δ’
1266 1464 1344 1505 ἐστι
1370 1461 1484 1505 ταῦθ’
1517 1462 1633 1520 ὁρᾷς;
1664 1465 1841 1514 propter
1870 1462 2003 1503 demi·

292 1534 445 1574 nutiva
487 1534 635 1574 minus
665 1534 903 1584 probabilis
935 1534 1122 1586 videtur,
1158 1535 1203 1574 et
1242 1529 1322 1573 ἀλλ’
1366 1531 1446 1573 ἔστι
1476 1538 1600 1572 ταῦτα
1632 1528 1709 1588 ζῷ’,
1738 1529 1856 1587 ὁρᾷς,
1890 1529 2004 1580 quod

291 1602 572 1651 aptissimum
614 1602 744 1652 foret,
786 1604 963 1652 propter
1006 1602 1262 1642 violentiam
1306 1601 1422 1641 haud
1460 1600 1590 1641 facile
1631 1600 1796 1641 criticis
1829 1607 2004 1650 persua·

295 1669 425 1710 debit.
460 1667 628 1721 Λαβέτω
661 1666 703 1709 δὲ
734 1668 801 1709 καὶ
834 1668 963 1717 ἄλλος.

233 1737 301 1777 Fr.
334 1737 404 1787 86,
439 1739 479 1778 5.
523 1737 927 1788 Transpositionem
970 1748 1117 1778 meam
1160 1737 1316 1787 probat
1354 1736 1433 1787 Bl.,
1476 1746 1616 1785 neque
1657 1735 1785 1776 aliter
1824 1732 2007 1775 iudicari

290 1806 454 1855 potest,
488 1806 527 1844 si
558 1805 818 1846 Athenaeus
849 1806 1068 1855 integram
1101 1805 1372 1845 sententiam
1405 1804 1568 1845 attulit.

233 1874 301 1913 Fr.
335 1873 406 1912 87.
439 1873 573 1922 Loqui
601 1852 822 1943 {fipnonem
850 1875 1001 1914 monet
1028 1873 1092 1913 Bl.
1115 1896 1167 1902 —
1188 1873 1262 1913 Vs.
1282 1875 1321 1912 5.
1348 1872 1514 1923 ταύτας,
1539 1873 1703 1922 istas,
1728 1880 1890 1911 sanum
1906 1878 2006 1910 esse

292 1940 491 1980 arbitror.

233 2008 301 2047 Fr.
335 2008 405 2058 88,
441 2009 479 2058 2,
514 2006 662 2055 κλοπὰς
693 2019 771 2058 pro
802 2006 989 2060 στρέβλας
1022 2008 1085 2048 ΒΙ.
1119 2008 1213 2048 Non
1246 2008 1328 2048 hoc
1360 2009 1614 2057 corruptum
1647 2016 1745 2048 esse
1776 2005 1854 2046 sed
1881 2013 2003 2055 prae·

291 2086 489 2125 grossam
524 2086 678 2116 vocem
710 2076 922 2125 hodieque
955 2076 1067 2125 apud
1102 2086 1172 2116 me
1206 2077 1393 2116 constat.

235 2143 301 2183 Fr.
336 2144 407 2193 89,
445 2144 480 2183 1.
513 2141 720 2193 κατέβαινέ
749 2157 815 2194 μοι
848 2145 892 2183 et
924 2154 987 2182 vs.
1018 2143 1042 2183 3
1072 2158 1106 2181 τι
1133 2146 1224 2193 (pro
1250 2146 1331 2193 μοι)
1351 2164 1405 2172 —-
1423 2140 1475 2181 ἂν
1501 2139 1813 2193 ἐσκευασμένον,
1838 2139 2007 2190 reliqua

293 2221 395 2251 cum
428 2210 594 2251 Kockio
628 2211 693 2251 Bl.

234 2278 302 2318 Fr.
336 2279 406 2328 90,
440 2279 479 2318 4.
516 2279 556 2316 B.
588 2283 658 2317 τοῦ
691 2277 927 2329 φυσήματος
960 2287 1135 2318 mecum
1167 2279 1216 2319 O.
1236 2277 1429 2319 Crusius.
1471 2278 1573 2318 Sine
1610 2278 1702 2318 ulla
1736 2277 1827 2317 veri
1861 2275 2006 2327 specie

292 2345 357 2385 Bl.
391 2342 513 2384 τοῖσδ’
550 2343 786 2397 ὠπτημένον
818 2345 889 2386 vel
920 2343 1230 2398 κάξωπτημένον
1265 2347 1334 2387 vel
1365 2343 1715 2397 κώνθυλευμένον.

233 2413 299 2452 Fr.
334 2414 404 2463 91,
438 2414 478 2453 3.
513 2412 655 2453 σκότου
687 2414 778 2459 (sic)
806 2414 902 2454 sine
929 2423 1063 2454 sensu
1089 2414 1220 2455 idern.
1254 2414 1463 2455 Fortasse
1490 2415 1643 2454 tamen
1675 2412 1816 2454 voluit
1846 2410 2009 2462 σκότον,

292 2482 336 2520 et
368 2481 661 2522 masculinam
693 2491 800 2522 sane
831 2482 1021 2522 formam
1055 2484 1209 2532 poetae
1240 2482 1403 2523 scenici
1434 2491 1646 2531 usurpare
1677 2479 1888 2521 assolent.

235 2547 303 2587 Fr.
338 2549 407 2589 93.
604 2549 637 2589 εἶ
669 2555 739 2589 τοῦ
770 2548 919 2601 πατρὸς
951 2548 1170 2600 δόξαιμι
1201 2548 1377 2601 κρεῖττόν
1410 2560 1492 2589 σοι
1524 2546 1651 2601 λέγειν

604 2615 776 2667 ἐμαυτὸν
808 2615 934 2656 ἀδικῶ
966 2614 1115 2657 ’coenet’
1153 2615 1231 2668 εἰμὶ
1263 2616 1479 2669 θεοσεβής,

606 2683 663 2723 ὅτι
694 2683 761 2724 τὸν
792 2684 1108 2737 κατασπείραντα
1139 2687 1251 2725 λυπῶ
1282 2684 1356 2725 κού
1390 2686 1505 2735 φιλῶ.

294 2750 607 2801 corrigendum
641 2752 848 2793 arbitror:

488 2818 524 2858 εἰ
551 2824 622 2859 τοῦ
655 2819 803 2871 πατρὸς
831 2819 992 2871 δόξαιμι
1025 2819 1145 2867 (δοκῶ
1177 2820 1258 2866 τιῩ)
1290 2817 1465 2871 κρεῖττόν
1497 2823 1590 2859 σοῦ
1622 2815 1749 2871 λέγειν

487 2884 677 2937 ἐμαυτόν,
708 2885 833 2926 ἀδικῶ
864 2885 939 2927 urg.

294 2955 337 2991 et
376 2954 779 3003 interpretandum:
823 2954 875 2994 Si
917 2956 1051 3005 puto
1094 2953 1161 3006 (ut
1201 2956 1249 2994 tu
1291 2963 1363 2994 me
1395 2953 1537 2994 facere
1569 2953 1768 2999 innuisti)
1800 2954 2007 2994 memet

297 3020 478 3069 ipsum
522 3023 575 3061 te
617 3024 776 3071 patre
818 3033 935 3063 meo
977 3022 1184 3063 melius
1226 3021 1441 3071 aliquid
1473 3021 1689 3071 dicere,
1723 3030 1892 3071 pecco
1922 3021 2005 3061 etc.

296 3086 472 3127 Modesti
507 3089 824 3130 adolescentuli
852 3101 952 3131 cum
981 3092 1104 3140 patre
1132 3089 1391 3130 altercantis
1417 3088 1550 3129 verba
1575 3090 1699 3138 sunt,
1728 3098 1808 3128 nec
1834 3087 2007 3128 audien·

295 3154 375 3194 dus
423 3159 490 3195 est
539 3156 658 3196 Kock
699 3158 918 3198 coniciens
959 3156 1124 3208 λέξαιμι.
1166 3157 1349 3207 Saepius
1390 3157 1509 3197 enirn
1552 3156 1688 3197 Attici
1725 3165 1916 3206 quoque,
1958 3155 2010 3195 ut

294 3222 394 3261 alibi
429 3223 470 3261 in
505 3224 572 3263 his
605 3224 866 3274 fragmentis
898 3226 1070 3275 monui,
1107 3224 1335 3275 personale
1367 3223 1550 3265 verbum
1579 3223 1712 3263 δοκεῖν
1740 3234 1816 3273 pro
1833 3222 2007 3274 νομίζειν
