2216 3522
1103 202 1158 245 ‘77

545 325 662 380 περὶ
691 326 745 368 τὸ
776 328 947 380 μύρον
978 328 1195 381 γενόμενον
1226 328 1379 370 αὐτὸν
1409 328 1698 370 κατέλιπον

543 415 717 444 --υ-
744 394 873 447 μέλλει
902 411 942 436 τε
972 397 1140 445 συνθείς
1171 409 1235 438 σοι
1265 396 1402 450 φέρειν
1433 397 1508 437 κτὲ.

304 460 420 501 Nam
457 460 668 511 κατέλιπον
704 464 989 514 probabiliter
1019 466 1084 505 Bl.
1126 467 1313 506 coniecit
1351 477 1428 515 pro
1466 467 1588 506 verbi
1618 467 1762 507 forma
1791 478 2009 516 nusquam

240 574 243 575 ⁷
305 520 410 568 alibi
440 529 486 570 in
517 533 742 572 comoedia
772 533 903 573 obvia
932 534 1236 585 κατελίμπανον.

246 595 317 636 Fr.
348 597 418 647 39,
452 598 493 638 2.
526 598 784 640 Coniectura
813 611 915 641 mea
938 601 1074 653 πάτερ,
1098 601 1321 652 σπαθήσεις
1347 602 1514 651 placuit
1538 602 1792 652 Blaydesio,
1818 603 1892 651 qui
1916 604 2009 652 ipse

306 674 372 704 vs.
405 665 431 704 3
462 666 572 705 satis
601 668 884 716 probabiliter
915 669 1064 719 explet
1093 668 1231 721 λαβὼν
1259 675 1337 722 γῆν
1376 669 1688 721 <σμηκτρίδα>,
1717 671 1794 710 sed
1824 670 1933 710 nihil
1964 671 2008 710 in

305 731 470 772 talibus
502 735 674 774 certum
707 738 788 776 est.

246 798 316 839 F'r.
348 800 419 849 40,
452 802 493 840 4.
525 801 890 851 Supplementum
921 814 1071 844 meum
1102 805 1248 860 χρυσίῳ
1280 805 1423 844 eidem
1455 805 1687 844 satisfacit.

246 865 315 906 Fr.
345 868 417 917 42,
454 869 492 908 1.
525 869 750 910 Adversus
775 871 995 911 Kockium
1029 873 1250 920 quondam
1283 873 1456 912 defendi
1482 873 1695 912 leniorem
1727 872 1877 912 Cobeti
1914 884 2009 913 con-

302 934 519 975 iecturam
549 934 753 988 ἐπανήξω,
781 949 869 978 non
900 939 1019 979 enim
1051 942 1234 989 apparet
1263 940 1408 980 verbis
1434 939 1488 986 εἰς
1513 938 1585 990 τὴν
1611 939 1743 979 οἰκίαν
1773 940 2011 990 significari

302 1001 519 1042 domum
566 1004 833 1055 alienam,
874 1008 926 1045 ut
966 1006 1040 1047 ille
1082 1007 1293 1056 explicat;
1338 1009 1509 1056 contra,
1544 1008 1647 1056 quia
1676 1007 1787 1046 nihil
1816 1009 2005 1058 additur,

302 1069 381 1108 vix
419 1069 548 1110 aliter
577 1071 772 1122 intellegi
812 1075 959 1123 potest
998 1085 1130 1123 quam
1173 1075 1389 1114 domum
1421 1084 1597 1122 suam;
1630 1085 1734 1114 nam
1765 1080 1834 1125 τῆς
1866 1075 2007 1123 νυκτὸς

301 1134 426 1187 αὐτῆς
456 1140 526 1177 est
555 1139 679 1188 ipsa
708 1142 887 1180 nocte.
923 1163 975 1170 -
1011 1142 1185 1181 Scholia
1215 1142 1399 1181 Homeri
1429 1145 1470 1179 A
1502 1142 1588 1182 293
1620 1142 1748 1182 affert
1777 1142 1941 1182 Nauck.

243 1203 313 1243 Fr.
345 1204 418 1254 44,
451 1205 494 1245 4.
554 1203 788 1246 ἀπόλαυε
818 1213 889 1247 τοῦ
922 1209 1074 1260 ζωμοῦ,
1103 1208 1258 1260 φόρει
1288 1208 1411 1256 τοὺς
1442 1209 1709 1260 βύστακας

547 1271 613 1324 μὴ
642 1274 993 1327 καταφρόνει,
1023 1272 1116 1327 μηδ’
1153 1271 1241 1327 ἕτερ’
1277 1274 1447 1326 ἐπιζήτει
1477 1275 1589 1315 καλά.

298 1338 456 1379 Verbis
501 1341 848 1390 corruptissimis
894 1343 1003 1388 nihil
1044 1343 1251 1392 prodesse
1291 1344 1487 1382 veterem
1528 1353 1677 1383 meam
1709 1343 2005 1384 coniecturam

298 1405 435 1458 μηκέτι
465 1407 581 1460 φόρει
610 1419 697 1449 11011
730 1411 873 1450 solum
907 1412 1050 1458 docet,
1085 1412 1198 1461 quod
1229 1412 1387 1452 obiecit
1420 1412 1559 1461 Kock,
1588 1421 1799 1451 numerus
1824 1412 2005 1461 pluralis

297 1474 391 1522 τοὺς
428 1475 648 1527 βύστακας,
686 1478 764 1518 sed
805 1479 941 1518 etiam
972 1479 1086 1519 falsa
1124 1479 1374 1518 Ruhnkenii
1416 1479 1666 1519 coniectura
1705 1477 1839 1530 ῥόφει,
1869 1489 2002 1528 quam

297 1543 446 1582 minus
476 1545 595 1583 recte
626 1545 756 1591 (male
781 1547 899 1586 enim
925 1548 1024 1596 post
1054 1546 1230 1586 ἀπόλαυε
1262 1547 1468 1592 abundat)
1501 1557 1603 1586 cum
1634 1535 1712 1586 illo'
1749 1546 2001 1595 probabam.

297 1610 473 1660 iugulat
502 1614 650 1652 autem
693 1614 846 1653 eadem
889 1614 1098 1654 correctio
1140 1615 1278 1663 ipsius
1323 1614 1618 1663 suspicionem
1665 1612 1758 1660 τοὺς
1804 1613 2002 1665 βύστακας

296 1678 515 1728 (μύστακας
540 1680 636 1719 vult
660 1680 744 1731 BL,
772 1682 849 1721 sed
876 1682 930 1721 cf.
957 1681 1132 1733 βεμβράς
1146 1681 1413 1732 Ξμεμβράς,
1437 1680 2003 1733 βάρνασθαιεμάρνασθαι,

296 1746 398 1792 alia)
423 1745 487 1797 μὴ
511 1747 838 1798 καινοτόμει,
862 1759 974 1797 quae
1001 1749 1135 1790 verba
1160 1759 1267 1789 num
1293 1749 1405 1788 satis
1433 1749 1549 1788 clare
1570 1748 1818 1798 significare
1833 1750 2004 1798 possint

296 1814 360 1854 de
400 1814 572 1854 labiis
603 1816 870 1856 radendis
911 1827 975 1856 ne
1017 1817 1147 1866 quid
1180 1819 1388 1856 novato
1421 1817 1610 1856 multum
1642 1817 1810 1866 dubito,
1843 1817 2000 1865 quibus

294 1882 456 1922 saltem
502 1883 571 1923 vel
617 1885 795 1934 propter
839 1884 1074 1925 lenitatem
1120 1885 1388 1934 praeferrem
1429 1899 1459 1922 τ.
1492 1884 1528 1935 β.
1567 1881 1750 1934 μηκέτι
1790 1882 2000 1934 φρόνει,

296 1950 410 1999 quod
454 1952 657 2000 proponit
701 1951 787 2002 BL,
834 1953 1039 2001 quamvis
1084 1952 1127 1991 id
1173 1952 1321 2001 potius
1366 1951 1599 1991 dicendum
1640 1951 1799 1990 fuisset
1838 1949 1884 1989 τὰ
1928 1956 1998 1990 τοῦ

294 2017 503 2069 βύστακος.

353 2084 493 2124 Maius
532 2086 667 2135 igitur
706 2087 832 2127 ulcus
873 2088 943 2127 hic
983 2087 1120 2127 latere
1162 2087 1439 2135 crediderim,
1473 2086 1586 2134 quod
1618 2086 1721 2125 licet
1752 2088 1871 2125 certa
1902 2096 1997 2125 con-

292 2151 459 2192 iectura
487 2163 645 2194 sanare
676 2165 911 2206 nequeam,
943 2155 1064 2195 lubet
1094 2157 1246 2194 tamen
1277 2153 1539 2204 significare,
1572 2154 1701 2202 quale
1733 2153 1835 2202 quid
1860 2154 1996 2192 mani·

293 2218 409 2258 festa
437 2219 522 2260 loci
550 2223 775 2262 sententia
805 2223 967 2272 requiri
998 2223 1221 2262 videatur:

559 2287 736 2329 ἀπόλαυε
767 2296 837 2330 τοῦ
870 2291 1023 2341 ζωμοῦ,
1052 2286 1154 2342 φέρ’
1192 2283 1245 2328 εὖ
1278 2294 1369 2328 τοῦ
1400 2289 1670 2340 βύστακος

558 2354 649 2406 τὴν
680 2355 977 2408 ἀποτομήν,
1012 2355 1088 2396 κτὲ.

292 2420 320 2460 1.
352 2431 391 2461 6.
422 2422 630 2463 Fruere
669 2424 712 2470 (i.
746 2434 783 2464 e.
826 2425 1013 2465 libenter
1054 2427 1246 2470 vescere)
1288 2425 1409 2464 iure
1450 2424 1632 2472 nigro;
1665 2422 1751 2462 fer
1782 2423 1993 2472 patien-

292 2490 378 2528 ter
407 2491 687 2539 mystacis
717 2492 1132 2542 detonsionem,
1169 2494 1252 2531 etc.

350 2556 481 2596 Vides
531 2568 608 2598 cur
652 2559 786 2599 etiam
834 2560 1065 2600 abiecerim
1122 2561 1321 2598 veterem
1368 2568 1515 2597 meam
1562 2557 1877 2607 suspicionem,
1925 2557 1994 2596 cui

289 2623 459 2672 plaudit
503 2625 587 2675 Bl.,
634 2623 835 2665 ἀπόλαπτε
875 2637 951 2676 pro
994 2624 1191 2675 ἀπόλαυε,
1227 2626 1278 2665 (16
1319 2635 1403 2674 quo
1437 2625 1568 2664 verbo
1601 2624 1664 2663 sic
1696 2627 1905 2674 usurpato
1938 2625 1991 2664 cf.

289 2690 451 2731 Iacobii
482 2692 633 2733 Index.
664 2715 715 2722 —
749 2694 823 2734 Vs.
858 2696 899 2734 5.
932 2693 986 2732 ἔτι
1017 2693 1119 2744 ζήτει
1150 2693 1278 2732 malit
1310 2692 1375 2731 Bl.

231 2756 299 2796 Fr.
332 2760 404 2807 45,
438 2759 477 2798 2.
523 2759 666 2810 πικρόν
705 2774 764 2810 τε,
808 2761 904 2801 0011.
953 2762 1083 2801 Hom.
1124 2763 1145 2798 λ
1178 2761 1284 2809 846,
1334 2759 1520 2799 feliciter
1560 2759 1715 2808 Naber,
1764 2769 1844 2798 nec
1884 2769 1991 2798 sane

289 2824 506 2876 displicet,
539 2826 642 2866 licet
672 2831 791 2868 certa
821 2839 909 2868 non
942 2829 1154 2877 videatur,
1189 2828 1384 2867 eiusdem
1412 2827 1661 2866 coniectura
1686 2824 1839 2864 ἔπεισεν
1865 2836 1928 2865 vs.
1949 2826 1989 2865 3.

230 2890 299 2930 Fr.
331 2893 402 2942 47,
435 2893 477 2933 2.
523 2894 658 2934 Recte
689 2895 737 2934 Β.
773 2895 976 2945 praefigit
1006 2896 1070 2935 Bl.
1106 2918 1159 2924 -
1193 2895 1266 2934 Vs.
1300 2895 1340 2934 3.
1376 2893 1558 2942 Supplet
1596 2890 1741 2943 ἑτέραν.
1783 2893 1873 2932 Aut
1909 2893 1990 2932 hoc

288 2960 365 2999 aut
393 2957 517 3010 ἄλλην
549 2961 747 3011 elapsum
780 2963 966 3002 videtur.
986 2985 1039 2991 —
1058 2963 1132 3001 Vs.
1167 2964 1206 3001 5.
1240 2962 1361 3000 Idem
1395 2958 1438 2998 δέ
1468 2956 1499 3011 y’
1533 2958 1669 3009 αὑτηί,
1699 2962 1776 2999 aut
1806 2959 1876 3011 ἥδε
1907 2971 1989 3007 σοι,

288 3026 373 3065 11181
413 3026 550 3068 lateat
580 3025 804 3078 proprium
836 3040 996 3069 nomen
1028 3029 1216 3078 aliquod.
1249 3028 1334 3068 Cur
1364 3028 1558 3076 quaeso?
1589 3026 1676 3066 Nec
1706 3027 1865 3077 duplici
1897 3038 1989 3076 par-

287 3092 448 3133 ticulae
488 3094 559 3134 hic
599 3095 720 3135 locus
760 3099 840 3137 est.
876 3120 928 3125 —
963 3097 1037 3136 Vs.
1071 3099 1111 3136 6.
1148 3094 1268 3136 <τὸ>
1305 3094 1444 3133 κοινὸν
1485 3094 1686 3143 proponit
1723 3094 1858 3143 idem,
1891 3096 1987 3132 tum

286 3156 358 3209 μὲν
403 3159 452 3200 οὐ
497 3172 576 3210 pro
615 3162 747 3201 πάλιν.
779 3164 922 3213 Longe
953 3164 1245 3214 probabiliora
1275 3162 1417 3201 suasit
1448 3161 1599 3210 Cobet,
1642 3161 1719 3200 sed
1751 3161 1986 3200 obscurum

286 3228 426 3267 restat
455 3231 556 3277 post
587 3239 742 3269 omnes
767 3230 1039 3270 eruditorum
1072 3241 1199 3270 curas
1226 3230 1307 3268 hoc
1337 3229 1654 3277 fragmentum.
