<?xml version="1.0" encoding="UTF-8"?>
<!DOCTYPE html PUBLIC "-//W3C//DTD XHTML 1.0 Transitional//EN"
    "http://www.w3.org/TR/xhtml1/DTD/xhtml1-transitional.dtd">
<html xmlns="http://www.w3.org/1999/xhtml" xml:lang="en" lang="en">
 <head>
  <title>
</title>
<meta http-equiv="Content-Type" content="text/html;charset=utf-8" />
  <meta name='ocr-system' content='tesseract 3.04.00' />
  <meta name='ocr-capabilities' content='ocr_page ocr_carea ocr_par ocr_line ocrx_word'/>
</head>
<body>
  <div class='ocr_page' id='page_1' title='image "./collectaneacriti00herwuoft_0199.png"; bbox 0 0 2216 3522; ppageno 0'>
   <div class='ocr_carea' id='block_1_1' title="bbox 1059 212 1138 251">
    <p class='ocr_par' dir='ltr' id='par_1_1' title="bbox 1059 212 1138 251">
     <span class='ocr_line' id='line_1_1' title="bbox 1059 212 1138 251; baseline 0.025 -2"><span class='ocrx_word' id='word_1_1' title='bbox 1059 212 1138 251; x_wconf 79' lang='lat'><strong>185</strong></span> 
     </span>
    </p>
   </div>
   <div class='ocr_carea' id='block_1_2' title="bbox 272 326 1969 449">
    <p class='ocr_par' dir='ltr' id='par_1_2' title="bbox 272 326 1969 449">
     <span class='ocr_line' id='line_1_2' title="bbox 273 326 1969 382; baseline 0.001 -16"><span class='ocrx_word' id='word_1_2' title='bbox 273 326 460 375; x_wconf 84' lang='lat' dir='ltr'><strong>Blaydes</strong></span> <span class='ocrx_word' id='word_1_3' title='bbox 519 330 593 369; x_wconf 81' lang='lat' dir='ltr'><strong>vix</strong></span> <span class='ocrx_word' id='word_1_4' title='bbox 644 332 761 369; x_wconf 90' lang='lat' dir='ltr'><strong>recte</strong></span> <span class='ocrx_word' id='word_1_5' title='bbox 808 327 1104 382; x_wconf 71' lang='grc' dir='ltr'><strong><em>&lt;ἕπιγραψάτω</em></strong></span> <span class='ocrx_word' id='word_1_6' title='bbox 1151 343 1263 371; x_wconf 88' lang='grc' dir='ltr'><strong><em>νυν&gt;</em></strong></span> <span class='ocrx_word' id='word_1_7' title='bbox 1311 330 1405 381; x_wconf 56' lang='lat' dir='ltr'><strong>nri„</strong></span> <span class='ocrx_word' id='word_1_8' title='bbox 1450 343 1553 372; x_wconf 87' lang='lat' dir='ltr'><strong>nam</strong></span> <span class='ocrx_word' id='word_1_9' title='bbox 1601 342 1733 372; x_wconf 89' lang='lat' dir='ltr'><strong>sensu</strong></span> <span class='ocrx_word' id='word_1_10' title='bbox 1782 330 1969 369; x_wconf 87' lang='lat' dir='ltr'><strong>multum</strong></span> 
     </span>
     <span class='ocr_line' id='line_1_3' title="bbox 272 395 1793 449; baseline 0.002 -15"><span class='ocrx_word' id='word_1_11' title='bbox 272 395 444 434; x_wconf 87' lang='lat' dir='ltr'><strong>diverso</strong></span> <span class='ocrx_word' id='word_1_12' title='bbox 477 397 608 438; x_wconf 90' lang='lat' dir='ltr'><strong>verbo</strong></span> <span class='ocrx_word' id='word_1_13' title='bbox 635 395 868 449; x_wconf 77' lang='grc' dir='ltr'><em>ἐπιγράφειν</em></span> <span class='ocrx_word' id='word_1_14' title='bbox 899 399 943 438; x_wconf 92' lang='lat' dir='ltr'><strong>in</strong></span> <span class='ocrx_word' id='word_1_15' title='bbox 974 409 1020 439; x_wconf 90' lang='lat' dir='ltr'><strong>re</strong></span> <span class='ocrx_word' id='word_1_16' title='bbox 1051 400 1242 439; x_wconf 85' lang='lat' dir='ltr'><strong>iudiciali</strong></span> <span class='ocrx_word' id='word_1_17' title='bbox 1275 402 1459 440; x_wconf 81' lang='lat' dir='ltr'><strong>utuntur</strong></span> <span class='ocrx_word' id='word_1_18' title='bbox 1490 400 1793 440; x_wconf 82' lang='lat' dir='ltr'><strong>Athenienses.</strong></span> 
     </span>
    </p>
   </div>
   <div class='ocr_carea' id='block_1_3' title="bbox 208 491 1972 1482">
    <p class='ocr_par' dir='ltr' id='par_1_3' title="bbox 211 491 1864 552">
     <span class='ocr_line' id='line_1_4' title="bbox 211 491 1864 552; baseline 0 -16"><span class='ocrx_word' id='word_1_19' title='bbox 211 491 499 548; x_wconf 73' lang='lat' dir='ltr'><strong>Apollodori</strong></span> <span class='ocrx_word' id='word_1_20' title='bbox 523 497 575 536; x_wconf 81' lang='lat' dir='ltr'><strong>fr.</strong></span> <span class='ocrx_word' id='word_1_21' title='bbox 613 498 648 547; x_wconf 87' lang='lat'><strong>1,</strong></span> <span class='ocrx_word' id='word_1_22' title='bbox 683 498 723 536; x_wconf 83' lang='lat'><strong>2.</strong></span> <span class='ocrx_word' id='word_1_23' title='bbox 757 495 806 535; x_wconf 78' lang='grc' dir='ltr'><strong>ἂν</strong></span> <span class='ocrx_word' id='word_1_24' title='bbox 841 492 970 552; x_wconf 68' lang='grc' dir='ltr'>ᾖ&lt;ς&gt;</span> <span class='ocrx_word' id='word_1_25' title='bbox 1006 500 1256 539; x_wconf 88' lang='lat' dir='ltr'><strong>necessaria</strong></span> <span class='ocrx_word' id='word_1_26' title='bbox 1287 502 1355 539; x_wconf 86' lang='lat' dir='ltr'><strong>est</strong></span> <span class='ocrx_word' id='word_1_27' title='bbox 1388 500 1608 548; x_wconf 79' lang='lat' dir='ltr'><strong>Blaydesii</strong></span> <span class='ocrx_word' id='word_1_28' title='bbox 1642 498 1864 538; x_wconf 89' lang='lat' dir='ltr'><strong>correctio.</strong></span> 
     </span>
    </p>

    <p class='ocr_par' dir='ltr' id='par_1_4' title="bbox 211 562 1970 751">
     <span class='ocr_line' id='line_1_5' title="bbox 211 562 1970 616; baseline 0 -15"><span class='ocrx_word' id='word_1_29' title='bbox 211 562 280 602; x_wconf 85' lang='lat' dir='ltr'><strong>Fr.</strong></span> <span class='ocrx_word' id='word_1_30' title='bbox 314 564 352 613; x_wconf 88' lang='lat'><strong>3,</strong></span> <span class='ocrx_word' id='word_1_31' title='bbox 388 565 426 603; x_wconf 85' lang='lat'><strong>2.</strong></span> <span class='ocrx_word' id='word_1_32' title='bbox 461 565 748 604; x_wconf 75' lang='lat' dir='ltr'><strong>Probabiliter</strong></span> <span class='ocrx_word' id='word_1_33' title='bbox 779 565 893 604; x_wconf 82' lang='lat' dir='ltr'><strong>idem</strong></span> <span class='ocrx_word' id='word_1_34' title='bbox 935 565 1053 604; x_wconf 77' lang='grc' dir='ltr'><strong><em>εἴωθε</em></strong></span> <span class='ocrx_word' id='word_1_35' title='bbox 1085 577 1160 615; x_wconf 89' lang='lat' dir='ltr'><strong>pro</strong></span> <span class='ocrx_word' id='word_1_36' title='bbox 1193 565 1312 616; x_wconf 78' lang='grc' dir='ltr'><strong><em>ἔοικε,</em></strong></span> <span class='ocrx_word' id='word_1_37' title='bbox 1344 567 1444 615; x_wconf 83' lang='lat' dir='ltr'><strong>quia</strong></span> <span class='ocrx_word' id='word_1_38' title='bbox 1476 566 1610 605; x_wconf 72' lang='grc' dir='ltr'><strong><em>ἅπασα</em></strong></span> <span class='ocrx_word' id='word_1_39' title='bbox 1646 565 1714 613; x_wconf 79' lang='grc' dir='ltr'><strong>νὺξ</strong></span> <span class='ocrx_word' id='word_1_40' title='bbox 1747 564 1846 604; x_wconf 79' lang='grc' dir='ltr'><strong><em>ἐόικε</em></strong></span> <span class='ocrx_word' id='word_1_41' title='bbox 1878 563 1970 613; x_wconf 86' lang='grc' dir='ltr'><strong><em>φαί-</em></strong></span> 
     </span>
     <span class='ocr_line' id='line_1_6' title="bbox 271 631 1969 683; baseline 0.001 -15"><span class='ocrx_word' id='word_1_42' title='bbox 271 633 414 669; x_wconf 76' lang='grc' dir='ltr'><strong><em>νεσθαι</em></strong></span> <span class='ocrx_word' id='word_1_43' title='bbox 445 631 577 683; x_wconf 80' lang='grc' dir='ltr'><strong><em>μακρά</em></strong></span> <span class='ocrx_word' id='word_1_44' title='bbox 609 633 684 671; x_wconf 81' lang='lat' dir='ltr'><strong>vix</strong></span> <span class='ocrx_word' id='word_1_45' title='bbox 721 634 866 681; x_wconf 76' lang='lat' dir='ltr'><strong>potest</strong></span> <span class='ocrx_word' id='word_1_46' title='bbox 897 633 1142 682; x_wconf 82' lang='lat' dir='ltr'><strong>significare</strong></span> <span class='ocrx_word' id='word_1_47' title='bbox 1174 633 1334 672; x_wconf 80' lang='grc' dir='ltr'><strong><em>ἅπασαν</em></strong></span> <span class='ocrx_word' id='word_1_48' title='bbox 1367 634 1491 673; x_wconf 88' lang='grc' dir='ltr'><strong><em>νύκτα</em></strong></span> <span class='ocrx_word' id='word_1_49' title='bbox 1523 633 1662 681; x_wconf 82' lang='grc' dir='ltr'><strong><em>εἰκός</em></strong></span> <span class='ocrx_word' id='word_1_50' title='bbox 1694 631 1801 672; x_wconf 82' lang='grc' dir='ltr'><strong><em>ἐστι</em></strong></span> <span class='ocrx_word' id='word_1_51' title='bbox 1832 631 1969 681; x_wconf 84' lang='grc' dir='ltr'><strong><em>φαίνε-</em></strong></span> 
     </span>
     <span class='ocr_line' id='line_1_7' title="bbox 271 687 570 751; baseline 0.007 -15"><span class='ocrx_word' id='word_1_52' title='bbox 271 687 371 736; x_wconf 68' lang='grc' dir='ltr'><strong><em>σθαι</em></strong></span> <span class='ocrx_word' id='word_1_53' title='bbox 402 698 570 751; x_wconf 78' lang='grc' dir='ltr'><strong><em>μακράν.</em></strong></span> 
     </span>
    </p>

    <p class='ocr_par' dir='ltr' id='par_1_5' title="bbox 211 765 1970 885">
     <span class='ocr_line' id='line_1_8' title="bbox 211 765 1970 820; baseline 0.001 -16"><span class='ocrx_word' id='word_1_54' title='bbox 211 765 279 805; x_wconf 84' lang='lat' dir='ltr'><strong>Fr.</strong></span> <span class='ocrx_word' id='word_1_55' title='bbox 315 766 381 816; x_wconf 86' lang='lat'><strong>13,</strong></span> <span class='ocrx_word' id='word_1_56' title='bbox 415 767 455 806; x_wconf 86' lang='lat'><strong>4.</strong></span> <span class='ocrx_word' id='word_1_57' title='bbox 499 767 702 807; x_wconf 85' lang='lat' dir='ltr'><strong>Feliciter</strong></span> <span class='ocrx_word' id='word_1_58' title='bbox 741 768 857 808; x_wconf 91' lang='lat' dir='ltr'><strong>idem</strong></span> <span class='ocrx_word' id='word_1_59' title='bbox 901 766 942 808; x_wconf 81' lang='grc' dir='ltr'><strong>ἐκ</strong></span> <span class='ocrx_word' id='word_1_60' title='bbox 983 768 1127 816; x_wconf 85' lang='grc' dir='ltr'><strong><em>παιδὸς</em></strong></span> <span class='ocrx_word' id='word_1_61' title='bbox 1169 768 1336 816; x_wconf 82' lang='grc' dir='ltr'><strong><em>εὐθὺς</em></strong></span> <span class='ocrx_word' id='word_1_62' title='bbox 1379 780 1456 819; x_wconf 90' lang='lat' dir='ltr'><strong>pro</strong></span> <span class='ocrx_word' id='word_1_63' title='bbox 1490 768 1637 820; x_wconf 82' lang='grc' dir='ltr'><strong><em>αὐτοῦ,</em></strong></span> <span class='ocrx_word' id='word_1_64' title='bbox 1668 769 1780 817; x_wconf 90' lang='lat' dir='ltr'><strong>quod</strong></span> <span class='ocrx_word' id='word_1_65' title='bbox 1812 768 1970 806; x_wconf 86' lang='lat' dir='ltr'><strong>vitium</strong></span> 
     </span>
     <span class='ocr_line' id='line_1_9' title="bbox 269 834 1480 885; baseline 0.004 -13"><span class='ocrx_word' id='word_1_66' title='bbox 269 834 433 873; x_wconf 89' lang='lat' dir='ltr'><strong>mirum</strong></span> <span class='ocrx_word' id='word_1_67' title='bbox 465 836 533 874; x_wconf 90' lang='lat' dir='ltr'><strong>est</strong></span> <span class='ocrx_word' id='word_1_68' title='bbox 564 835 737 875; x_wconf 87' lang='lat' dir='ltr'><strong>tamdiu</strong></span> <span class='ocrx_word' id='word_1_69' title='bbox 767 835 906 876; x_wconf 88' lang='lat' dir='ltr'><strong>latere</strong></span> <span class='ocrx_word' id='word_1_70' title='bbox 938 837 1135 885; x_wconf 88' lang='lat' dir='ltr'><strong>potuisse</strong></span> <span class='ocrx_word' id='word_1_71' title='bbox 1169 838 1285 876; x_wconf 92' lang='lat' dir='ltr'><strong>viros</strong></span> <span class='ocrx_word' id='word_1_72' title='bbox 1317 838 1480 877; x_wconf 87' lang='lat' dir='ltr'><strong>doctos.</strong></span> 
     </span>
    </p>

    <p class='ocr_par' dir='ltr' id='par_1_6' title="bbox 265 898 1972 1290">
     <span class='ocr_line' id='line_1_10' title="bbox 329 898 1971 955; baseline 0.001 -16"><span class='ocrx_word' id='word_1_73' title='bbox 329 901 378 940; x_wconf 87' lang='lat' dir='ltr'><strong>In</strong></span> <span class='ocrx_word' id='word_1_74' title='bbox 411 912 474 942; x_wconf 86' lang='lat' dir='ltr'><strong>VS.</strong></span> <span class='ocrx_word' id='word_1_75' title='bbox 512 903 564 942; x_wconf 84' lang='lat'><strong>14</strong></span> <span class='ocrx_word' id='word_1_76' title='bbox 598 901 646 942; x_wconf 88' lang='grc' dir='ltr'><strong>οὐ</strong></span> <span class='ocrx_word' id='word_1_77' title='bbox 679 902 796 942; x_wconf 84' lang='grc' dir='ltr'><strong><em>πόλιν</em></strong></span> <span class='ocrx_word' id='word_1_78' title='bbox 829 902 926 954; x_wconf 80' lang='grc' dir='ltr'><strong><em>ὅλην</em></strong></span> <span class='ocrx_word' id='word_1_79' title='bbox 958 902 1131 954; x_wconf 81' lang='grc' dir='ltr'><strong><em>φυλὴν</em></strong></span> <span class='ocrx_word' id='word_1_80' title='bbox 1164 901 1216 943; x_wconf 82' lang='grc' dir='ltr'><strong>δὲ</strong></span> <span class='ocrx_word' id='word_1_81' title='bbox 1248 903 1423 955; x_wconf 82' lang='grc' dir='ltr'><strong><em>μαλακὸς</em></strong></span> <span class='ocrx_word' id='word_1_82' title='bbox 1460 898 1680 955; x_wconf 72' lang='grc' dir='ltr'><strong><em>ἀνατρέπει.</em></strong></span> <span class='ocrx_word' id='word_1_83' title='bbox 1714 904 1757 942; x_wconf 81' lang='lat' dir='ltr'><strong>Si</strong></span> <span class='ocrx_word' id='word_1_84' title='bbox 1789 913 1835 942; x_wconf 88' lang='lat' dir='ltr'><strong>re</strong></span> <span class='ocrx_word' id='word_1_85' title='bbox 1868 913 1971 942; x_wconf 84' lang='lat' dir='ltr'><strong>vera</strong></span> 
     </span>
     <span class='ocr_line' id='line_1_11' title="bbox 267 967 1970 1021; baseline 0.001 -15"><span class='ocrx_word' id='word_1_86' title='bbox 267 974 443 1019; x_wconf 85' lang='grc' dir='ltr'><strong><em>φορῶν</em></strong></span> <span class='ocrx_word' id='word_1_87' title='bbox 485 967 528 1020; x_wconf 86' lang='grc' dir='ltr'><strong>ὅ,</strong></span> <span class='ocrx_word' id='word_1_88' title='bbox 569 981 702 1019; x_wconf 88' lang='lat' dir='ltr'><strong>quam</strong></span> <span class='ocrx_word' id='word_1_89' title='bbox 739 971 973 1011; x_wconf 84' lang='lat' dir='ltr'>absurdam</span> <span class='ocrx_word' id='word_1_90' title='bbox 1007 972 1241 1011; x_wconf 88' lang='lat' dir='ltr'><strong>lectionem</strong></span> <span class='ocrx_word' id='word_1_91' title='bbox 1275 973 1382 1011; x_wconf 85' lang='lat' dir='ltr'><strong>mihi</strong></span> <span class='ocrx_word' id='word_1_92' title='bbox 1415 972 1568 1011; x_wconf 80' lang='lat' dir='ltr'>tribuit</span> <span class='ocrx_word' id='word_1_93' title='bbox 1598 972 1677 1021; x_wconf 79' lang='lat' dir='ltr'><strong>BL,</strong></span> <span class='ocrx_word' id='word_1_94' title='bbox 1719 972 1763 1010; x_wconf 91' lang='lat' dir='ltr'><strong>in</strong></span> <span class='ocrx_word' id='word_1_95' title='bbox 1795 970 1970 1018; x_wconf 90' lang='lat' dir='ltr'><strong>scriptis</strong></span> 
     </span>
     <span class='ocr_line' id='line_1_12' title="bbox 267 1034 1970 1088; baseline 0 -14"><span class='ocrx_word' id='word_1_96' title='bbox 267 1036 379 1075; x_wconf 89' lang='lat' dir='ltr'><strong>meis</strong></span> <span class='ocrx_word' id='word_1_97' title='bbox 426 1037 599 1088; x_wconf 87' lang='lat' dir='ltr'><strong>legitur,</strong></span> <span class='ocrx_word' id='word_1_98' title='bbox 646 1038 762 1078; x_wconf 88' lang='lat' dir='ltr'><strong>haud</strong></span> <span class='ocrx_word' id='word_1_99' title='bbox 809 1039 935 1078; x_wconf 89' lang='lat' dir='ltr'><strong>dubie</strong></span> <span class='ocrx_word' id='word_1_100' title='bbox 977 1039 1019 1078; x_wconf 88' lang='lat' dir='ltr'><strong>id</strong></span> <span class='ocrx_word' id='word_1_101' title='bbox 1057 1041 1263 1088; x_wconf 83' lang='lat' dir='ltr'><strong>typorum</strong></span> <span class='ocrx_word' id='word_1_102' title='bbox 1307 1040 1463 1078; x_wconf 90' lang='lat' dir='ltr'><strong>vitium</strong></span> <span class='ocrx_word' id='word_1_103' title='bbox 1506 1041 1574 1079; x_wconf 87' lang='lat' dir='ltr'><strong>est</strong></span> <span class='ocrx_word' id='word_1_104' title='bbox 1611 1049 1687 1088; x_wconf 87' lang='lat' dir='ltr'><strong>pro</strong></span> <span class='ocrx_word' id='word_1_105' title='bbox 1719 1038 1900 1088; x_wconf 80' lang='grc' dir='ltr'><em>φύρων</em></span> <span class='ocrx_word' id='word_1_106' title='bbox 1931 1034 1970 1083; x_wconf 84' lang='grc' dir='ltr'><strong>ὁ,</strong></span> 
     </span>
     <span class='ocr_line' id='line_1_13' title="bbox 266 1102 1972 1155; baseline 0.001 -14"><span class='ocrx_word' id='word_1_107' title='bbox 266 1102 293 1142; x_wconf 92' lang='lat' dir='ltr'><strong>i.</strong></span> <span class='ocrx_word' id='word_1_108' title='bbox 327 1113 364 1143; x_wconf 93' lang='lat' dir='ltr'><strong>e.</strong></span> <span class='ocrx_word' id='word_1_109' title='bbox 396 1103 613 1155; x_wconf 75' lang='grc' dir='ltr'><em>ταράττων,</em></span> <span class='ocrx_word' id='word_1_110' title='bbox 655 1115 766 1154; x_wconf 87' lang='lat' dir='ltr'><strong>quae</strong></span> <span class='ocrx_word' id='word_1_111' title='bbox 806 1106 1056 1146; x_wconf 87' lang='lat' dir='ltr'><strong>coniectura</strong></span> <span class='ocrx_word' id='word_1_112' title='bbox 1095 1106 1278 1146; x_wconf 81' lang='lat' dir='ltr'>lenitate</span> <span class='ocrx_word' id='word_1_113' title='bbox 1320 1108 1465 1155; x_wconf 84' lang='lat' dir='ltr'><strong>itaque</strong></span> <span class='ocrx_word' id='word_1_114' title='bbox 1504 1105 1808 1155; x_wconf 80' lang='lat' dir='ltr'><strong>probabilitate</strong></span> <span class='ocrx_word' id='word_1_115' title='bbox 1844 1105 1972 1153; x_wconf 90' lang='lat' dir='ltr'><strong>longe</strong></span> 
     </span>
     <span class='ocr_line' id='line_1_14' title="bbox 265 1171 1967 1223; baseline 0.001 -14"><span class='ocrx_word' id='word_1_116' title='bbox 265 1173 445 1220; x_wconf 85' lang='lat' dir='ltr'><strong>superat</strong></span> <span class='ocrx_word' id='word_1_117' title='bbox 490 1173 627 1222; x_wconf 89' lang='lat' dir='ltr'><strong>ipsius</strong></span> <span class='ocrx_word' id='word_1_118' title='bbox 674 1173 971 1223; x_wconf 84' lang='lat' dir='ltr'><strong>suspicionem</strong></span> <span class='ocrx_word' id='word_1_119' title='bbox 1018 1179 1189 1212; x_wconf 81' lang='grc' dir='ltr'><strong><em>κυκῶν</em></strong></span> <span class='ocrx_word' id='word_1_120' title='bbox 1235 1171 1266 1213; x_wconf 88' lang='grc' dir='ltr'><strong>ὁ.</strong></span> <span class='ocrx_word' id='word_1_121' title='bbox 1315 1175 1449 1214; x_wconf 85' lang='lat' dir='ltr'><strong>Recte</strong></span> <span class='ocrx_word' id='word_1_122' title='bbox 1491 1175 1641 1213; x_wconf 88' lang='lat' dir='ltr'><strong>autem</strong></span> <span class='ocrx_word' id='word_1_123' title='bbox 1683 1172 1808 1221; x_wconf 88' lang='lat' dir='ltr'><strong>plene</strong></span> <span class='ocrx_word' id='word_1_124' title='bbox 1842 1172 1967 1211; x_wconf 88' lang='lat' dir='ltr'><strong>inter-</strong></span> 
     </span>
     <span class='ocr_line' id='line_1_15' title="bbox 267 1239 899 1290; baseline 0.005 -13"><span class='ocrx_word' id='word_1_125' title='bbox 267 1239 403 1288; x_wconf 86' lang='lat' dir='ltr'><strong>pungi</strong></span> <span class='ocrx_word' id='word_1_126' title='bbox 434 1239 553 1279; x_wconf 89' lang='lat' dir='ltr'><strong>iubet</strong></span> <span class='ocrx_word' id='word_1_127' title='bbox 585 1243 685 1290; x_wconf 91' lang='lat' dir='ltr'><strong>post</strong></span> <span class='ocrx_word' id='word_1_128' title='bbox 716 1251 779 1281; x_wconf 92' lang='lat' dir='ltr'><strong>vs.</strong></span> <span class='ocrx_word' id='word_1_129' title='bbox 818 1243 899 1290; x_wconf 35' lang='grc'><strong>16.-</strong></span> 
     </span>
    </p>

    <p class='ocr_par' dir='ltr' id='par_1_7' title="bbox 208 1306 1141 1358">
     <span class='ocr_line' id='line_1_16' title="bbox 208 1306 1141 1358; baseline 0.004 -14"><span class='ocrx_word' id='word_1_130' title='bbox 208 1306 276 1345; x_wconf 89' lang='lat' dir='ltr'><strong>Fr.</strong></span> <span class='ocrx_word' id='word_1_131' title='bbox 314 1307 380 1356; x_wconf 87' lang='lat'><strong>14,</strong></span> <span class='ocrx_word' id='word_1_132' title='bbox 416 1309 455 1347; x_wconf 86' lang='lat'><strong>3.</strong></span> <span class='ocrx_word' id='word_1_133' title='bbox 489 1307 537 1347; x_wconf 91' lang='lat' dir='ltr'><strong>V.</strong></span> <span class='ocrx_word' id='word_1_134' title='bbox 570 1308 599 1347; x_wconf 93' lang='lat' dir='ltr'><strong>l.</strong></span> <span class='ocrx_word' id='word_1_135' title='bbox 633 1307 794 1347; x_wconf 84' lang='grc' dir='ltr'><em>εἰσιόντι</em></span> <span class='ocrx_word' id='word_1_136' title='bbox 826 1309 980 1358; x_wconf 76' lang='lat' dir='ltr'><strong>probat</strong></span> <span class='ocrx_word' id='word_1_137' title='bbox 1011 1309 1141 1348; x_wconf 85' lang='lat' dir='ltr'><strong>idem.</strong></span> 
     </span>
    </p>

    <p class='ocr_par' dir='ltr' id='par_1_8' title="bbox 208 1365 1965 1482">
     <span class='ocr_line' id='line_1_17' title="bbox 208 1365 1965 1427; baseline 0.001 -16"><span class='ocrx_word' id='word_1_138' title='bbox 208 1372 278 1412; x_wconf 85' lang='lat' dir='ltr'><strong>Fr.</strong></span> <span class='ocrx_word' id='word_1_139' title='bbox 315 1365 381 1423; x_wconf 78' lang='grc'><strong>15,</strong></span> <span class='ocrx_word' id='word_1_140' title='bbox 418 1375 456 1414; x_wconf 83' lang='grc'><strong>2.</strong></span> <span class='ocrx_word' id='word_1_141' title='bbox 500 1374 642 1416; x_wconf 89' lang='lat' dir='ltr'><strong>Verba</strong></span> <span class='ocrx_word' id='word_1_142' title='bbox 683 1374 814 1427; x_wconf 86' lang='grc' dir='ltr'><strong><em>παρὸν</em></strong></span> <span class='ocrx_word' id='word_1_143' title='bbox 847 1376 917 1426; x_wconf 84' lang='grc' dir='ltr'><strong>ζῆν</strong></span> <span class='ocrx_word' id='word_1_144' title='bbox 948 1373 1074 1427; x_wconf 80' lang='grc' dir='ltr'><em>ἡδέως</em></span> <span class='ocrx_word' id='word_1_145' title='bbox 1117 1376 1202 1425; x_wconf 89' lang='lat' dir='ltr'><strong>legi</strong></span> <span class='ocrx_word' id='word_1_146' title='bbox 1234 1378 1368 1416; x_wconf 86' lang='lat' dir='ltr'><strong>etiam</strong></span> <span class='ocrx_word' id='word_1_147' title='bbox 1402 1377 1445 1415; x_wconf 90' lang='lat' dir='ltr'><strong>in</strong></span> <span class='ocrx_word' id='word_1_148' title='bbox 1475 1375 1691 1424; x_wconf 86' lang='lat' dir='ltr'><strong>Euripidis</strong></span> <span class='ocrx_word' id='word_1_149' title='bbox 1724 1375 1773 1414; x_wconf 82' lang='lat' dir='ltr'><strong>fr.</strong></span> <span class='ocrx_word' id='word_1_150' title='bbox 1813 1375 1906 1422; x_wconf 81' lang='grc'><strong>193,</strong></span> <span class='ocrx_word' id='word_1_151' title='bbox 1942 1375 1965 1412; x_wconf 79' lang='lat'><em>2</em></span> 
     </span>
     <span class='ocr_line' id='line_1_18' title="bbox 267 1442 516 1482; baseline 0.012 -3"><span class='ocrx_word' id='word_1_152' title='bbox 267 1443 420 1480; x_wconf 88' lang='lat' dir='ltr'><strong>monet</strong></span> <span class='ocrx_word' id='word_1_153' title='bbox 452 1442 516 1482; x_wconf 89' lang='lat' dir='ltr'><strong>Bl.</strong></span> 
     </span>
    </p>
   </div>
   <div class='ocr_carea' id='block_1_4' title="bbox 204 1536 2029 3274">
    <p class='ocr_par' dir='ltr' id='par_1_9' title="bbox 206 1536 2029 1928">
     <span class='ocr_line' id='line_1_19' title="bbox 206 1536 1965 1595; baseline -0.001 -14"><span class='ocrx_word' id='word_1_154' title='bbox 206 1536 449 1595; x_wconf 72' lang='lat' dir='ltr'><strong>Anaxippi</strong></span> <span class='ocrx_word' id='word_1_155' title='bbox 479 1541 531 1582; x_wconf 86' lang='lat' dir='ltr'><strong>fr.</strong></span> <span class='ocrx_word' id='word_1_156' title='bbox 569 1544 604 1592; x_wconf 86' lang='lat'><strong>1,</strong></span> <span class='ocrx_word' id='word_1_157' title='bbox 640 1543 679 1582; x_wconf 87' lang='lat'><strong>8.</strong></span> <span class='ocrx_word' id='word_1_158' title='bbox 724 1542 834 1582; x_wconf 87' lang='lat' dir='ltr'><strong>Cum</strong></span> <span class='ocrx_word' id='word_1_159' title='bbox 866 1543 928 1582; x_wconf 90' lang='lat' dir='ltr'><strong>Bl.</strong></span> <span class='ocrx_word' id='word_1_160' title='bbox 973 1543 1144 1591; x_wconf 90' lang='lat' dir='ltr'><strong>malim,</strong></span> <span class='ocrx_word' id='word_1_161' title='bbox 1186 1543 1281 1582; x_wconf 93' lang='lat' dir='ltr'><strong>coll.</strong></span> <span class='ocrx_word' id='word_1_162' title='bbox 1316 1543 1533 1582; x_wconf 81' lang='lat' dir='ltr'><strong>Eustathii</strong></span> <span class='ocrx_word' id='word_1_163' title='bbox 1572 1542 1732 1591; x_wconf 86' lang='lat' dir='ltr'><strong>verbis,</strong></span> <span class='ocrx_word' id='word_1_164' title='bbox 1767 1536 1844 1580; x_wconf 83' lang='grc' dir='ltr'><strong><em>οἷσι</em></strong></span> <span class='ocrx_word' id='word_1_165' title='bbox 1876 1545 1965 1589; x_wconf 89' lang='lat' dir='ltr'><strong>(pro</strong></span> 
     </span>
     <span class='ocr_line' id='line_1_20' title="bbox 265 1602 1967 1661; baseline 0 -15"><span class='ocrx_word' id='word_1_166' title='bbox 265 1602 324 1655; x_wconf 83' lang='grc' dir='ltr'><strong>οἷς</strong></span> <span class='ocrx_word' id='word_1_167' title='bbox 357 1605 392 1654; x_wconf 84' lang='grc' dir='ltr'><strong>ὅ)</strong></span> <span class='ocrx_word' id='word_1_168' title='bbox 435 1608 612 1660; x_wconf 82' lang='grc' dir='ltr'><strong>Κρόνος,</strong></span> <span class='ocrx_word' id='word_1_169' title='bbox 651 1610 727 1650; x_wconf 82' lang='lat' dir='ltr'><strong>sed</strong></span> <span class='ocrx_word' id='word_1_170' title='bbox 769 1620 855 1649; x_wconf 88' lang='lat' dir='ltr'><strong>non</strong></span> <span class='ocrx_word' id='word_1_171' title='bbox 897 1610 1054 1650; x_wconf 84' lang='lat' dir='ltr'><strong>accedo</strong></span> <span class='ocrx_word' id='word_1_172' title='bbox 1096 1610 1238 1649; x_wconf 85' lang='lat' dir='ltr'><strong>eidem</strong></span> <span class='ocrx_word' id='word_1_173' title='bbox 1273 1620 1336 1650; x_wconf 87' lang='lat' dir='ltr'><strong>VS.</strong></span> <span class='ocrx_word' id='word_1_174' title='bbox 1374 1611 1425 1650; x_wconf 89' lang='grc'><strong>16</strong></span> <span class='ocrx_word' id='word_1_175' title='bbox 1457 1607 1716 1661; x_wconf 76' lang='grc' dir='ltr'><em>ἀνεκάθηραν</em></span> <span class='ocrx_word' id='word_1_176' title='bbox 1747 1609 1791 1648; x_wconf 89' lang='lat' dir='ltr'><strong>in</strong></span> <span class='ocrx_word' id='word_1_177' title='bbox 1822 1606 1967 1647; x_wconf 81' lang='grc' dir='ltr'><strong><em>ἀπεκά-</em></strong></span> 
     </span>
     <span class='ocr_line' id='line_1_21' title="bbox 263 1674 1967 1727; baseline 0 -14"><span class='ocrx_word' id='word_1_178' title='bbox 263 1677 401 1726; x_wconf 83' lang='grc' dir='ltr'><strong><em>θηραν</em></strong></span> <span class='ocrx_word' id='word_1_179' title='bbox 447 1677 652 1716; x_wconf 85' lang='lat' dir='ltr'><strong>mutanti.</strong></span> <span class='ocrx_word' id='word_1_180' title='bbox 700 1676 761 1717; x_wconf 89' lang='lat' dir='ltr'><strong>De</strong></span> <span class='ocrx_word' id='word_1_181' title='bbox 810 1678 934 1716; x_wconf 91' lang='lat' dir='ltr'><strong>venis</strong></span> <span class='ocrx_word' id='word_1_182' title='bbox 981 1677 1218 1727; x_wconf 84' lang='lat' dir='ltr'><strong>purgandis</strong></span> <span class='ocrx_word' id='word_1_183' title='bbox 1264 1678 1428 1726; x_wconf 91' lang='lat' dir='ltr'><strong>optime</strong></span> <span class='ocrx_word' id='word_1_184' title='bbox 1474 1677 1633 1716; x_wconf 88' lang='lat' dir='ltr'><strong>dicitur</strong></span> <span class='ocrx_word' id='word_1_185' title='bbox 1677 1674 1967 1724; x_wconf 76' lang='grc' dir='ltr'><strong><em>ἀνακαθαίρειν</em></strong></span> 
     </span>
     <span class='ocr_line' id='line_1_22' title="bbox 267 1743 1964 1794; baseline -0.001 -12"><span class='ocrx_word' id='word_1_186' title='bbox 267 1743 575 1794; x_wconf 79' lang='lat' dir='ltr'><strong>(anfraumen),</strong></span> <span class='ocrx_word' id='word_1_187' title='bbox 610 1744 806 1783; x_wconf 88' lang='lat' dir='ltr'><strong>sordes</strong></span> <span class='ocrx_word' id='word_1_188' title='bbox 838 1744 1098 1783; x_wconf 88' lang='lat' dir='ltr'><strong>internas</strong></span> <span class='ocrx_word' id='word_1_189' title='bbox 1131 1744 1433 1793; x_wconf 84' lang='lat' dir='ltr'><strong>expellere.</strong></span> <span class='ocrx_word' id='word_1_190' title='bbox 1467 1743 1649 1783; x_wconf 88' lang='lat' dir='ltr'><strong>Temere</strong></span> <span class='ocrx_word' id='word_1_191' title='bbox 1675 1743 1790 1782; x_wconf 90' lang='lat' dir='ltr'><strong>idem</strong></span> <span class='ocrx_word' id='word_1_192' title='bbox 1819 1753 1881 1782; x_wconf 90' lang='lat' dir='ltr'><strong>vs.</strong></span> <span class='ocrx_word' id='word_1_193' title='bbox 1910 1743 1964 1781; x_wconf 81' lang='lat'><strong>29</strong></span> 
     </span>
     <span class='ocr_line' id='line_1_23' title="bbox 266 1806 2029 1873; baseline 0 -24"><span class='ocrx_word' id='word_1_194' title='bbox 266 1811 412 1849; x_wconf 86' lang='lat' dir='ltr'><strong>tentat</strong></span> <span class='ocrx_word' id='word_1_195' title='bbox 453 1806 534 1849; x_wconf 78' lang='grc' dir='ltr'><strong>ἔσθ’</strong></span> <span class='ocrx_word' id='word_1_196' title='bbox 581 1808 723 1850; x_wconf 78' lang='grc' dir='ltr'><strong><em>ἕκαστα</em></strong></span> <span class='ocrx_word' id='word_1_197' title='bbox 761 1822 838 1860; x_wconf 88' lang='lat' dir='ltr'><strong>pro</strong></span> <span class='ocrx_word' id='word_1_198' title='bbox 870 1810 998 1858; x_wconf 83' lang='grc' dir='ltr'><strong><em>εὐθύς</em></strong></span> <span class='ocrx_word' id='word_1_199' title='bbox 1029 1808 1117 1862; x_wconf 81' lang='grc' dir='ltr'><strong><em>ἐστ’,</em></strong></span> <span class='ocrx_word' id='word_1_200' title='bbox 1147 1813 1191 1851; x_wconf 90' lang='lat' dir='ltr'><strong>in</strong></span> <span class='ocrx_word' id='word_1_201' title='bbox 1224 1822 1307 1860; x_wconf 87' lang='lat' dir='ltr'><strong>quo</strong></span> <span class='ocrx_word' id='word_1_202' title='bbox 1340 1811 1450 1850; x_wconf 89' lang='lat' dir='ltr'><strong>nihil</strong></span> <span class='ocrx_word' id='word_1_203' title='bbox 1484 1811 1830 1873; x_wconf 75' lang='lat' dir='ltr'><strong>vituperandum.</strong></span> <span class='ocrx_word' id='word_1_204' title='bbox 1865 1810 1966 1849; x_wconf 90' lang='lat' dir='ltr'><strong>Con·</strong></span> <span class='ocrx_word' id='word_1_205' title='bbox 2028 1866 2029 1869; x_wconf 11' lang='grc' dir='ltr'><strong>Ἴ</strong></span> 
     </span>
     <span class='ocr_line' id='line_1_24' title="bbox 266 1878 2025 1928; baseline -0.001 -11"><span class='ocrx_word' id='word_1_206' title='bbox 266 1878 370 1917; x_wconf 90' lang='lat' dir='ltr'><strong>cedo</strong></span> <span class='ocrx_word' id='word_1_207' title='bbox 402 1888 503 1917; x_wconf 89' lang='lat' dir='ltr'><strong>vero</strong></span> <span class='ocrx_word' id='word_1_208' title='bbox 535 1880 788 1928; x_wconf 82' lang='lat' dir='ltr'><strong>suspectam</strong></span> <span class='ocrx_word' id='word_1_209' title='bbox 821 1889 919 1918; x_wconf 92' lang='lat' dir='ltr'><strong>esse</strong></span> <span class='ocrx_word' id='word_1_210' title='bbox 953 1880 1188 1918; x_wconf 85' lang='lat' dir='ltr'><strong>admodum</strong></span> <span class='ocrx_word' id='word_1_211' title='bbox 1222 1879 1455 1918; x_wconf 85' lang='lat' dir='ltr'><strong>lectionem</strong></span> <span class='ocrx_word' id='word_1_212' title='bbox 1489 1890 1552 1918; x_wconf 91' lang='lat' dir='ltr'><strong>vs.</strong></span> <span class='ocrx_word' id='word_1_213' title='bbox 1588 1878 1666 1918; x_wconf 79' lang='lat'><strong>21:</strong></span> <span class='ocrx_word' id='word_1_214' title='bbox 2021 1879 2025 1881; x_wconf 85' lang='grc'><strong>’</strong></span> 
     </span>
    </p>

    <p class='ocr_par' dir='ltr' id='par_1_10' title="bbox 226 1945 1965 3074">
     <span class='ocr_line' id='line_1_25' title="bbox 1111 1945 1551 1998; baseline -0.005 -12"><span class='ocrx_word' id='word_1_215' title='bbox 1111 1946 1317 1998; x_wconf 84' lang='grc' dir='ltr'><strong><em>μειράκιον</em></strong></span> <span class='ocrx_word' id='word_1_216' title='bbox 1348 1945 1551 1998; x_wconf 81' lang='grc' dir='ltr'><strong><em>ἐρωμένην</em></strong></span> 
     </span>
     <span class='ocr_line' id='line_1_26' title="bbox 697 2012 1491 2068; baseline 0 -16"><span class='ocrx_word' id='word_1_217' title='bbox 697 2012 796 2065; x_wconf 77' lang='grc' dir='ltr'><strong><em>ἔχων</em></strong></span> <span class='ocrx_word' id='word_1_218' title='bbox 828 2013 1073 2068; x_wconf 80' lang='grc' dir='ltr'><strong><em>πατρῴαν</em></strong></span> <span class='ocrx_word' id='word_1_219' title='bbox 1106 2013 1249 2053; x_wconf 87' lang='grc' dir='ltr'><strong><em>οὐσίαν</em></strong></span> <span class='ocrx_word' id='word_1_220' title='bbox 1281 2013 1491 2052; x_wconf 79' lang='grc' dir='ltr'><strong><em>κατεσθίει.</em></strong></span> 
     </span>
     <span class='ocr_line' id='line_1_27' title="bbox 226 2080 833 2132; baseline 0.003 -14"><span class='ocrx_word' id='word_1_221' title='bbox 226 2125 232 2132; x_wconf 34' lang='grc'>1</span> <span class='ocrx_word' id='word_1_222' title='bbox 263 2080 338 2119; x_wconf 90' lang='lat' dir='ltr'><strong>ubi</strong></span> <span class='ocrx_word' id='word_1_223' title='bbox 370 2081 445 2119; x_wconf 82' lang='lat' dir='ltr'><strong>vix</strong></span> <span class='ocrx_word' id='word_1_224' title='bbox 477 2083 596 2120; x_wconf 88' lang='lat' dir='ltr'><strong>recte</strong></span> <span class='ocrx_word' id='word_1_225' title='bbox 628 2081 833 2121; x_wconf 89' lang='lat' dir='ltr'><strong>coniecit:</strong></span> 
     </span>
     <span class='ocr_line' id='line_1_28' title="bbox 694 2147 1553 2203; baseline 0.001 -17"><span class='ocrx_word' id='word_1_226' title='bbox 694 2147 793 2199; x_wconf 75' lang='grc' dir='ltr'><strong><em>ἔχων</em></strong></span> <span class='ocrx_word' id='word_1_227' title='bbox 824 2147 1024 2188; x_wconf 79' lang='grc' dir='ltr'><strong><em>κατέδεται</em></strong></span> <span class='ocrx_word' id='word_1_228' title='bbox 1056 2148 1147 2199; x_wconf 86' lang='grc' dir='ltr'><strong>τὴν</strong></span> <span class='ocrx_word' id='word_1_229' title='bbox 1179 2148 1367 2203; x_wconf 81' lang='grc' dir='ltr'><strong><em>πατρῴαν</em></strong></span> <span class='ocrx_word' id='word_1_230' title='bbox 1398 2148 1553 2188; x_wconf 86' lang='grc' dir='ltr'><strong><em>οὐσίαν.</em></strong></span> 
     </span>
     <span class='ocr_line' id='line_1_29' title="bbox 263 2216 1965 2265; baseline 0.001 -11"><span class='ocrx_word' id='word_1_231' title='bbox 263 2216 366 2263; x_wconf 87' lang='lat' dir='ltr'><strong>quia</strong></span> <span class='ocrx_word' id='word_1_232' title='bbox 413 2216 553 2255; x_wconf 87' lang='lat' dir='ltr'><strong>multo</strong></span> <span class='ocrx_word' id='word_1_233' title='bbox 601 2216 746 2264; x_wconf 88' lang='lat' dir='ltr'><strong>aptius</strong></span> <span class='ocrx_word' id='word_1_234' title='bbox 793 2218 863 2255; x_wconf 89' lang='lat' dir='ltr'><strong>est</strong></span> <span class='ocrx_word' id='word_1_235' title='bbox 908 2217 1120 2256; x_wconf 86' lang='lat' dir='ltr'><strong>traditum</strong></span> <span class='ocrx_word' id='word_1_236' title='bbox 1165 2219 1339 2265; x_wconf 87' lang='lat' dir='ltr'><strong>tempus</strong></span> <span class='ocrx_word' id='word_1_237' title='bbox 1378 2227 1599 2265; x_wconf 82' lang='lat' dir='ltr'><strong>praesens.</strong></span> <span class='ocrx_word' id='word_1_238' title='bbox 1643 2218 1793 2256; x_wconf 83' lang='lat' dir='ltr'><strong>Potius</strong></span> <span class='ocrx_word' id='word_1_239' title='bbox 1835 2217 1965 2265; x_wconf 83' lang='lat' dir='ltr'><strong>igitur</strong></span> 
     </span>
     <span class='ocr_line' id='line_1_30' title="bbox 263 2282 1336 2337; baseline 0.003 -17"><span class='ocrx_word' id='word_1_240' title='bbox 263 2282 450 2337; x_wconf 79' lang='grc' dir='ltr'><strong><em>πατρῴαν</em></strong></span> <span class='ocrx_word' id='word_1_241' title='bbox 482 2283 743 2323; x_wconf 90' lang='lat' dir='ltr'><strong>mendosum</strong></span> <span class='ocrx_word' id='word_1_242' title='bbox 777 2294 875 2324; x_wconf 91' lang='lat' dir='ltr'><strong>esse</strong></span> <span class='ocrx_word' id='word_1_243' title='bbox 908 2284 1088 2324; x_wconf 91' lang='lat' dir='ltr'><strong>credens</strong></span> <span class='ocrx_word' id='word_1_244' title='bbox 1121 2285 1336 2333; x_wconf 87' lang='lat' dir='ltr'><strong>suspicor:</strong></span> 
     </span>
     <span class='ocr_line' id='line_1_31' title="bbox 713 2346 1539 2403; baseline 0 -13"><span class='ocrx_word' id='word_1_245' title='bbox 713 2346 717 2350; x_wconf 54' lang='grc'><strong>’</strong></span> <span class='ocrx_word' id='word_1_246' title='bbox 1100 2351 1305 2403; x_wconf 81' lang='grc' dir='ltr'><strong><em>μειράκιον</em></strong></span> <span class='ocrx_word' id='word_1_247' title='bbox 1338 2350 1539 2402; x_wconf 76' lang='grc' dir='ltr'><strong><em>ἐρωμένην</em></strong></span> 
     </span>
     <span class='ocr_line' id='line_1_32' title="bbox 694 2416 1639 2470; baseline 0 -14"><span class='ocrx_word' id='word_1_248' title='bbox 694 2416 792 2469; x_wconf 76' lang='grc' dir='ltr'><strong><em>ἔχων</em></strong></span> <span class='ocrx_word' id='word_1_249' title='bbox 828 2416 1100 2470; x_wconf 84' lang='grc' dir='ltr'><strong><em>τρυφερὰν</em></strong></span> <span class='ocrx_word' id='word_1_250' title='bbox 1131 2417 1221 2469; x_wconf 82' lang='grc' dir='ltr'><strong>τὴν</strong></span> <span class='ocrx_word' id='word_1_251' title='bbox 1255 2418 1396 2458; x_wconf 83' lang='grc' dir='ltr'><strong><em>οὐσίαν</em></strong></span> <span class='ocrx_word' id='word_1_252' title='bbox 1428 2418 1639 2457; x_wconf 85' lang='grc' dir='ltr'><strong><em>κατεσθίει.</em></strong></span> 
     </span>
     <span class='ocr_line' id='line_1_33' title="bbox 265 2484 1963 2535; baseline 0.001 -13"><span class='ocrx_word' id='word_1_253' title='bbox 265 2484 377 2523; x_wconf 87' lang='lat' dir='ltr'><strong>unde</strong></span> <span class='ocrx_word' id='word_1_254' title='bbox 418 2484 576 2524; x_wconf 87' lang='lat' dir='ltr'><strong>melius</strong></span> <span class='ocrx_word' id='word_1_255' title='bbox 617 2485 752 2524; x_wconf 85' lang='lat' dir='ltr'><strong>etiam</strong></span> <span class='ocrx_word' id='word_1_256' title='bbox 795 2488 1019 2535; x_wconf 77' lang='lat' dir='ltr'><strong>appareat,</strong></span> <span class='ocrx_word' id='word_1_257' title='bbox 1064 2496 1139 2525; x_wconf 91' lang='lat' dir='ltr'><strong>cur</strong></span> <span class='ocrx_word' id='word_1_258' title='bbox 1180 2487 1494 2535; x_wconf 82' lang='lat' dir='ltr'><strong>patrimonium</strong></span> <span class='ocrx_word' id='word_1_259' title='bbox 1535 2487 1743 2526; x_wconf 86' lang='lat' dir='ltr'><strong>devorare</strong></span> <span class='ocrx_word' id='word_1_260' title='bbox 1782 2487 1963 2525; x_wconf 87' lang='lat' dir='ltr'><strong>dicatur.</strong></span> 
     </span>
     <span class='ocr_line' id='line_1_34' title="bbox 262 2551 1960 2606; baseline 0 -16"><span class='ocrx_word' id='word_1_261' title='bbox 262 2551 541 2600; x_wconf 80' lang='lat' dir='ltr'><strong>corruptelae</strong></span> <span class='ocrx_word' id='word_1_262' title='bbox 572 2562 728 2591; x_wconf 82' lang='lat' dir='ltr'><strong>ansam</strong></span> <span class='ocrx_word' id='word_1_263' title='bbox 759 2553 861 2592; x_wconf 87' lang='lat' dir='ltr'><strong>dare</strong></span> <span class='ocrx_word' id='word_1_264' title='bbox 894 2554 1035 2602; x_wconf 86' lang='lat' dir='ltr'><strong>potuit</strong></span> <span class='ocrx_word' id='word_1_265' title='bbox 1066 2554 1407 2603; x_wconf 87' lang='lat' dir='ltr'><strong>superscriptum</strong></span> <span class='ocrx_word' id='word_1_266' title='bbox 1440 2554 1661 2603; x_wconf 85' lang='lat' dir='ltr'><strong>glossema</strong></span> <span class='ocrx_word' id='word_1_267' title='bbox 1691 2553 1889 2606; x_wconf 78' lang='grc' dir='ltr'><strong><em>πατρῴαν.</em></strong></span> <span class='ocrx_word' id='word_1_268' title='bbox 1911 2575 1960 2580; x_wconf 87' lang='grc'>-</span> 
     </span>
     <span class='ocr_line' id='line_1_35' title="bbox 265 2618 427 2658; baseline 0.006 -1"><span class='ocrx_word' id='word_1_269' title='bbox 265 2618 338 2658; x_wconf 90' lang='lat' dir='ltr'><strong>Vs.</strong></span> <span class='ocrx_word' id='word_1_270' title='bbox 372 2620 427 2658; x_wconf 88' lang='grc'><strong>46</strong></span> 
     </span>
     <span class='ocr_line' id='line_1_36' title="bbox 1214 2686 1446 2737; baseline 0 -12"><span class='ocrx_word' id='word_1_271' title='bbox 1214 2686 1285 2737; x_wconf 83' lang='grc' dir='ltr'><strong>τὴν</strong></span> <span class='ocrx_word' id='word_1_272' title='bbox 1322 2687 1446 2736; x_wconf 85' lang='grc' dir='ltr'><strong><em>φύσιν</em></strong></span> 
     </span>
     <span class='ocr_line' id='line_1_37' title="bbox 650 2754 1540 2807; baseline 0.002 -14"><span class='ocrx_word' id='word_1_273' title='bbox 650 2754 715 2793; x_wconf 79' lang='grc' dir='ltr'><strong>ἵνα</strong></span> <span class='ocrx_word' id='word_1_274' title='bbox 748 2755 939 2807; x_wconf 79' lang='grc' dir='ltr'><strong><em>διεγείρας</em></strong></span> <span class='ocrx_word' id='word_1_275' title='bbox 972 2761 1249 2806; x_wconf 82' lang='grc' dir='ltr'><strong><em>πνευματῶ</em></strong></span> <span class='ocrx_word' id='word_1_276' title='bbox 1282 2755 1369 2794; x_wconf 86' lang='grc' dir='ltr'><strong>τὸν</strong></span> <span class='ocrx_word' id='word_1_277' title='bbox 1393 2754 1540 2805; x_wconf 62' lang='grc' dir='ltr'><strong><em>ἀέρα.</em></strong></span> 
     </span>
     <span class='ocr_line' id='line_1_38' title="bbox 264 2820 1964 2872; baseline 0.001 -13"><span class='ocrx_word' id='word_1_278' title='bbox 264 2820 404 2865; x_wconf 78' lang='lat' dir='ltr'><strong>Verba</strong></span> <span class='ocrx_word' id='word_1_279' title='bbox 444 2823 658 2870; x_wconf 87' lang='lat' dir='ltr'><strong>corrupta.</strong></span> <span class='ocrx_word' id='word_1_280' title='bbox 712 2824 874 2872; x_wconf 89' lang='lat' dir='ltr'><strong>Aptam</strong></span> <span class='ocrx_word' id='word_1_281' title='bbox 917 2824 1184 2862; x_wconf 82' lang='lat' dir='ltr'><strong>sententiam</strong></span> <span class='ocrx_word' id='word_1_282' title='bbox 1229 2823 1407 2871; x_wconf 82' lang='lat' dir='ltr'><strong>praebet</strong></span> <span class='ocrx_word' id='word_1_283' title='bbox 1454 2823 1672 2870; x_wconf 86' lang='lat' dir='ltr'><strong>Blaydesii</strong></span> <span class='ocrx_word' id='word_1_284' title='bbox 1714 2824 1964 2862; x_wconf 82' lang='lat' dir='ltr'><strong>coniectura</strong></span> 
     </span>
     <span class='ocr_line' id='line_1_39' title="bbox 264 2887 1961 2941; baseline 0.001 -17"><span class='ocrx_word' id='word_1_285' title='bbox 264 2887 573 2937; x_wconf 81' lang='grc' dir='ltr'><strong><em>πνευμάτων</em></strong></span> <span class='ocrx_word' id='word_1_286' title='bbox 616 2888 897 2941; x_wconf 80' lang='grc' dir='ltr'><strong><em>ἐλευθερῶ,</em></strong></span> <span class='ocrx_word' id='word_1_287' title='bbox 939 2891 1014 2930; x_wconf 83' lang='lat' dir='ltr'><strong>sed</strong></span> <span class='ocrx_word' id='word_1_288' title='bbox 1059 2891 1161 2939; x_wconf 84' lang='lat' dir='ltr'><strong>quid</strong></span> <span class='ocrx_word' id='word_1_289' title='bbox 1199 2891 1281 2929; x_wconf 86' lang='lat' dir='ltr'><strong>sibi</strong></span> <span class='ocrx_word' id='word_1_290' title='bbox 1315 2890 1420 2929; x_wconf 84' lang='lat' dir='ltr'><strong>velit</strong></span> <span class='ocrx_word' id='word_1_291' title='bbox 1452 2896 1662 2940; x_wconf 88' lang='grc' dir='ltr'><strong><em>πνευματῶ</em></strong></span> <span class='ocrx_word' id='word_1_292' title='bbox 1695 2889 1764 2939; x_wconf 86' lang='grc' dir='ltr'><strong>τὴν</strong></span> <span class='ocrx_word' id='word_1_293' title='bbox 1795 2888 1961 2940; x_wconf 80' lang='grc' dir='ltr'><strong><em>γαστέρα</em></strong></span> 
     </span>
     <span class='ocr_line' id='line_1_40' title="bbox 266 2954 1959 3006; baseline 0.002 -14"><span class='ocrx_word' id='word_1_294' title='bbox 266 2954 306 2999; x_wconf 91' lang='lat' dir='ltr'><strong>(i.</strong></span> <span class='ocrx_word' id='word_1_295' title='bbox 340 2965 376 2993; x_wconf 89' lang='lat' dir='ltr'><strong>e.</strong></span> <span class='ocrx_word' id='word_1_296' title='bbox 411 2956 458 2994; x_wconf 89' lang='lat' dir='ltr'><strong>ut</strong></span> <span class='ocrx_word' id='word_1_297' title='bbox 499 2956 550 2995; x_wconf 88' lang='lat' dir='ltr'><strong>in</strong></span> <span class='ocrx_word' id='word_1_298' title='bbox 583 2959 813 2996; x_wconf 89' lang='lat' dir='ltr'><strong>ventum</strong></span> <span class='ocrx_word' id='word_1_299' title='bbox 848 2960 1052 2997; x_wconf 90' lang='lat' dir='ltr'><strong>mutem</strong></span> <span class='ocrx_word' id='word_1_300' title='bbox 1087 2959 1410 3006; x_wconf 71' lang='lat' dir='ltr'><strong>vent1·em?),</strong></span> <span class='ocrx_word' id='word_1_301' title='bbox 1445 2968 1555 3005; x_wconf 81' lang='lat' dir='ltr'><strong>quae</strong></span> <span class='ocrx_word' id='word_1_302' title='bbox 1584 2960 1651 2997; x_wconf 87' lang='lat' dir='ltr'><strong>est</strong></span> <span class='ocrx_word' id='word_1_303' title='bbox 1683 2958 1821 2997; x_wconf 74' lang='lat' dir='ltr'><strong>altera</strong></span> <span class='ocrx_word' id='word_1_304' title='bbox 1852 2958 1959 2997; x_wconf 91' lang='lat' dir='ltr'><strong>eius-</strong></span> 
     </span>
     <span class='ocr_line' id='line_1_41' title="bbox 263 3022 1077 3074; baseline 0.005 -14"><span class='ocrx_word' id='word_1_305' title='bbox 263 3022 360 3061; x_wconf 87' lang='lat' dir='ltr'><strong>dem</strong></span> <span class='ocrx_word' id='word_1_306' title='bbox 394 3023 604 3074; x_wconf 83' lang='lat' dir='ltr'><strong>suspicio,</strong></span> <span class='ocrx_word' id='word_1_307' title='bbox 640 3035 819 3073; x_wconf 87' lang='lat' dir='ltr'><strong>prorsus</strong></span> <span class='ocrx_word' id='word_1_308' title='bbox 851 3035 922 3065; x_wconf 91' lang='lat' dir='ltr'><strong>me</strong></span> <span class='ocrx_word' id='word_1_309' title='bbox 955 3025 1077 3064; x_wconf 87' lang='lat' dir='ltr'><strong>latet.</strong></span> 
     </span>
    </p>

    <p class='ocr_par' dir='ltr' id='par_1_11' title="bbox 204 3090 1959 3209">
     <span class='ocr_line' id='line_1_42' title="bbox 204 3090 1959 3146; baseline 0.002 -18"><span class='ocrx_word' id='word_1_310' title='bbox 204 3090 271 3128; x_wconf 79' lang='lat' dir='ltr'><strong>Fr.</strong></span> <span class='ocrx_word' id='word_1_311' title='bbox 296 3090 344 3138; x_wconf 76' lang='lat'><strong>2,</strong></span> <span class='ocrx_word' id='word_1_312' title='bbox 380 3091 413 3130; x_wconf 87' lang='lat'><strong>1.</strong></span> <span class='ocrx_word' id='word_1_313' title='bbox 463 3090 636 3140; x_wconf 89' lang='lat' dir='ltr'><strong>Optime</strong></span> <span class='ocrx_word' id='word_1_314' title='bbox 683 3093 745 3132; x_wconf 94' lang='lat' dir='ltr'><strong>Bl.</strong></span> <span class='ocrx_word' id='word_1_315' title='bbox 787 3092 953 3143; x_wconf 78' lang='grc' dir='ltr'><strong><em>κινήσας</em></strong></span> <span class='ocrx_word' id='word_1_316' title='bbox 996 3104 1071 3142; x_wconf 90' lang='lat' dir='ltr'><strong>pro</strong></span> <span class='ocrx_word' id='word_1_317' title='bbox 1113 3098 1225 3146; x_wconf 78' lang='grc' dir='ltr'><strong><em>κινῇς</em></strong></span> <span class='ocrx_word' id='word_1_318' title='bbox 1267 3091 1343 3131; x_wconf 74' lang='grc' dir='ltr'><strong><em>καὶ.</em></strong></span> <span class='ocrx_word' id='word_1_319' title='bbox 1393 3093 1590 3132; x_wconf 86' lang='lat' dir='ltr'><strong>Alteram</strong></span> <span class='ocrx_word' id='word_1_320' title='bbox 1633 3092 1825 3132; x_wconf 90' lang='lat' dir='ltr'><strong>eiusdem</strong></span> <span class='ocrx_word' id='word_1_321' title='bbox 1866 3103 1959 3132; x_wconf 88' lang='lat' dir='ltr'><strong>con·</strong></span> 
     </span>
     <span class='ocr_line' id='line_1_43' title="bbox 262 3158 1175 3209; baseline 0.004 -14"><span class='ocrx_word' id='word_1_322' title='bbox 262 3158 474 3196; x_wconf 85' lang='lat' dir='ltr'><strong>iecturam</strong></span> <span class='ocrx_word' id='word_1_323' title='bbox 506 3159 746 3207; x_wconf 88' lang='lat' dir='ltr'><strong>pessimam</strong></span> <span class='ocrx_word' id='word_1_324' title='bbox 780 3160 969 3209; x_wconf 88' lang='lat' dir='ltr'><strong>prudens</strong></span> <span class='ocrx_word' id='word_1_325' title='bbox 1000 3160 1175 3199; x_wconf 85' lang='lat' dir='ltr'><strong>reticeO.</strong></span> 
     </span>
    </p>

    <p class='ocr_par' dir='ltr' id='par_1_12' title="bbox 206 3224 985 3274">
     <span class='ocr_line' id='line_1_44' title="bbox 206 3224 985 3274; baseline 0.005 -12"><span class='ocrx_word' id='word_1_326' title='bbox 206 3224 272 3263; x_wconf 79' lang='lat' dir='ltr'><strong>Fr.</strong></span> <span class='ocrx_word' id='word_1_327' title='bbox 307 3224 346 3274; x_wconf 89' lang='lat'><strong>3,</strong></span> <span class='ocrx_word' id='word_1_328' title='bbox 381 3225 420 3263; x_wconf 91' lang='lat'><strong>3.</strong></span> <span class='ocrx_word' id='word_1_329' title='bbox 457 3224 529 3264; x_wconf 91' lang='lat' dir='ltr'><strong>Vs.</strong></span> <span class='ocrx_word' id='word_1_330' title='bbox 563 3226 755 3265; x_wconf 90' lang='lat' dir='ltr'><strong>nondum</strong></span> <span class='ocrx_word' id='word_1_331' title='bbox 788 3228 985 3266; x_wconf 86' lang='lat' dir='ltr'><strong>sanatus.</strong></span> 
     </span>
    </p>
   </div>
  </div>
 </body>
</html>
