2216 3522
1065 223 1117 261 27

270 342 457 382 accessit
514 352 539 382 e
586 343 741 392 fragm.
787 343 919 383 lexici
971 344 1264 384 Messanensis
1313 345 1357 384 in
1403 344 1541 384 Rhen.
1589 355 1703 384 mus.
1750 355 1788 383 a.
1841 344 1966 393 1893,

271 420 313 459 p.
345 409 430 448 207
464 409 626 456 (Rabe).

212 477 415 533 Fr.‘189.
458 477 512 516 In
553 477 755 517 Meinekii
795 478 1090 518 restitutionis
1138 489 1200 518 vs.
1244 479 1270 518 2
1306 479 1370 519 Bl.
1429 479 1615 518 coniecit
1659 473 1845 529 σφραγῖδ’
1895 476 1969 528 ἔχει

271 549 383 594 μνῶν
422 541 539 591 ἀξίαν
579 543 796 584 ἑκκαίδεκα.
838 544 955 595 Quae
998 545 1142 585 verbis
1182 546 1235 585 ab
1274 546 1456 586 Aeliano
1487 546 1663 585 traditis
1694 545 1835 585 multo
1866 546 1970 584 sunt

271 611 567 652 dissimiliora.
1585 655 1587 657 ,

333 680 473 726 Πόλεις
503 679 723 729 Eupolidis
750 681 903 719 doctas
929 690 1028 720 esse
1052 681 1204 720 eodem
1233 682 1428 730 tempore
1454 691 1538 729 quo
1563 681 1730 729 Vespas
1747 679 1970 728 ingeniose

268 746 543 786 demonstrat
576 747 821 786 vLeeuwen
852 747 1012 787 Mnem.
1045 757 1083 786 a.
1121 748 1246 795 1888,
1282 748 1365 787 251
1399 758 1492 796 sqq.
1526 747 1587 787 Cf.
1621 748 1675 786 ad
1706 747 1757 786 fr.
1793 746 1876 784 232
1904 755 1968 793 sq.

269 813 392 854 Idem
432 824 534 854 cum
574 815 625 854 fr.
658 815 742 854 205
785 816 1011 863 comparat
1040 814 1231 854 Nubium
1269 815 1412 855 locum
1446 815 1680 855 575—594
1718 814 1769 854 de
1800 813 1971 853 Cleonis

269 883 492 932 praetura,
525 884 570 921 et
599 882 651 921 fr.
681 883 764 922 207
798 893 874 932 per
905 892 1099 922 errorem
1130 884 1258 932 putat
1287 883 1422 922 schol.
1450 883 1524 922 Ar.
1544 884 1623 922 Av.
1646 882 1754 921 1297
1784 880 1971 920 Urbibus

269 949 495 998 tribuisse,
529 950 582 989 ad
615 949 774 996 Βαπτάς
807 950 998 990 aliamve
1029 949 1224 989 fabulam
1257 951 1299 989 h.
1332 951 1359 989 1.
1392 951 1609 999 pertinere
1639 952 1776 989 ratus.

210 1017 278 1057 Fr.
313 1018 412 1056 201.
444 1017 510 1057 Bl.
542 1017 616 1056 cft.
649 1017 795 1057 simile
826 1015 1079 1069 ἐγκιλικίζειν.
1111 1018 1332 1067 Aristoph.
1370 1018 1452 1057 105
1489 1019 1534 1057 et
1563 1018 1762 1057 Pherecr.
1796 1016 1837 1054 II
1869 1015 1968 1054 351.

211 1085 280 1134 Fr.
314 1085 413 1124 208.
445 1083 536 1134 τὴν
566 1094 642 1133 pro
673 1082 749 1122 κᾶν
776 1081 1008 1135 Ἐλπινίκην
1039 1085 1159 1139 τῇδε
1190 1088 1281 1134 (pro
1311 1083 1430 1135 τήνδε
1461 1095 1562 1124 cum
1590 1083 1839 1128 Sintenisio)
1866 1082 1930 1121 Bl.

211 1152 280 1192 Fr.
315 1153 414 1202 209,
450 1153 490 1192 3.
534 1152 748 1191 Headlam
781 1150 883 1190 ὅτων
914 1148 940 1190 τ’
976 1150 1164 1191 ἔπλευσεν
1194 1150 1309 1191 ἕνεκα
1347 1149 1423 1190 κτὲ.
1465 1151 1712 1191 Violentius
1743 1150 1807 1189 Bl.
1840 1143 1896 1188 ὧν
1927 1145 1967 1186 θ’

270 1215 366 1259 ἕνεκ’
426 1218 783 1270 ἐπρέσβευσεν
833 1219 955 1267 κακὸς
1002 1217 1058 1258 ὢν
1105 1218 1404 1270 ἐφηυρέθη,
1446 1229 1630 1268 carpenS
1676 1219 1769 1268 ipse
1815 1216 1971 1256 Kockii

268 1287 513 1327 audaciam.
554 1287 643 1336 Ego
684 1287 904 1336 quondam
944 1288 1028 1327 duo
1070 1287 1229 1326 ultima
1270 1287 1403 1326 verba
1444 1284 1500 1325 ὢν
1532 1285 1673 1325 εἴσεται
1704 1284 1970 1333 refingebam

269 1355 316 1394 in
347 1351 562 1393 ἁλίσκετ’
598 1353 675 1393 ὤν.
709 1354 827 1404 Quod
860 1356 1030 1394 certum
1058 1355 1118 1394 sit
1144 1355 1335 1404 repperit
1360 1365 1491 1394 nemo
1517 1352 1748 1393 nec·facile
1773 1350 1971 1400 reperiet.

211 1424 281 1463 Fr.
314 1424 416 1472 211,
453 1424 490 1463 1.
533 1418 613 1473 δῆτ’
650 1420 724 1473 ἐγὼ
764 1422 859 1461 sine
890 1422 982 1461 ulla
1013 1432 1147 1462 causa
1177 1422 1241 1462 Bl.
1274 1422 1349 1462 Vs.
1377 1423 1417 1462 3.
1451 1422 1621 1461 Placuit
1651 1419 1844 1460 Nauckio
1875 1417 1971 1457 Mel.

271 1490 331 1529 VI
362 1491 415 1530 71
452 1491 703 1530 coniectura
734 1499 835 1529 mea
866 1488 1099 1540 Ἀμφοτερός
1129 1500 1206 1539 pro
1238 1487 1485 1539 ἀμφοτέρων.
1515 1488 1738 1528 Audacius
1768 1486 1833 1525 Bl.
1861 1485 1971 1525 coni.

273 1557 533 1609 Ἀμφιάρεως,
559 1559 659 1606 apte
686 1557 862 1606 quidem
888 1557 942 1596 ad
964 1567 1146 1596 sensum
1163 1557 1238 1596 sed
1257 1557 1386 1596 dubia
1402 1557 1515 1606 apud
1532 1556 1751 1595 comicum
1768 1552 1973 1603 synizesi.

214 1626 283 1666 Fr.
319 1626 420 1666 213.
467 1625 532 1664 Bl.
580 1625 742 1674 partim
788 1634 889 1664 Cum
937 1624 1102 1664 Kockio
1142 1623 1218 1663 κάν
1264 1631 1315 1678 τῷ
1359 1623 1649 1675 Πυριλάμπους
1695 1617 1751 1672 ἆρ’
1803 1620 1973 1659 ἔνεστι

271 1691 427 1743 κυψέλη
457 1690 535 1734 <gv
567 1694 691 1730 τοῖσιν
724 1689 875 1741 ὠσίν>,
906 1692 1050 1731 deleto
1079 1691 1208 1747 Δήμῳ’
1228 1694 1278 1731 ut
1303 1692 1588 1740 glossemate,
1623 1689 1785 1730 melius
1814 1687 1974 1727 saltem

272 1770 406 1810 quam
444 1760 557 1808 quod
597 1761 826 1809 praeterea
866 1759 1050 1799 coniecit
1081 1761 1211 1805 (certe
1242 1769 1330 1798 non
1361 1759 1527 1798 lectum
1560 1769 1586 1797 a
1616 1757 1869 1801 scholiasta)
1899 1753 1975 1793 κάν

271 1830 353 1874 τοῖς
393 1826 684 1878 Πυριλάμπους
721 1823 817 1865 ὠσίν
858 1824 936 1865 ἐστι
968 1825 1135 1877 κυψέλη.
1168 1827 1326 1876 Agitur
1367 1827 1486 1866 enim
1518 1826 1570 1864 de
1601 1825 1761 1874 Demo,
1804 1833 1890 1863 non
1922 1823 1974 1862 de

274 1896 398 1945 patre
434 1895 543 1934 eius,

214 1963 282 2003 Fr.
316 1964 415 2003 215.
458 1963 704 2002 vLeeuwen
746 1962 819 2001 cft.
861 1961 992 2011 Vesp.
1038 1962 1151 2000 1024
1183 1971 1296 2011 sqq„
1339 1971 1451 2010 quae
1492 1961 1538 2000 in
1574 1959 1828 2009 Eupolidem
1860 1958 1975 1997 iacta

272 2041 372 2070 esse
402 2030 667 2079 suspicatur.

213 2098 282 2138 Fr.
315 2099 415 2138 218.
454 2098 598 2151 Minus
639 2096 826 2136 feliciter
867 2096 984 2136 idem
1020 2096 1226 2145 quamvis
1257 2095 1583 2135 dubitabundus
1614 2095 1758 2134 tentat
1790 2091 1829 2140 ἐξ
1853 2089 1975 2143 Ἡρα-

273 2164 412 2212 κλέους
456 2163 628 2216 <γὰρ>,
672 2166 722 2204 ut
762 2164 984 2204 alludatur
1023 2165 1075 2203 ad
1116 2164 1282 2203 furtum
1331 2165 1565 2213 paterae
1611 2172 1816 2202 aureae
1863 2160 1976 2209 apud

273 2232 358 2273 Cic.
402 2233 455 2272 de
496 2232 767 2272 divinatione
803 2233 823 2271 I
865 2233 939 2281 25,
983 2242 1087 2271 nam
1132 2232 1205 2270 vix
1237 2241 1335 2270 eam
1371 2232 1501 2280 poeta
1533 2232 1736 2270 vocasset
1766 2227 1978 2281 ἀργύριον,

274 2301 324 2339 ut
354 2299 557 2341 arbitror.

214 2367 283 2406 Fr.
316 2366 416 2406 221.
448 2366 571 2405 Idem
601 2367 728 2415 putat
759 2366 926 2414 primas
967 2367 1113 2414 partes
1153 2366 1197 2405 in
1240 2365 1485 2405 Urbibus
1526 2365 1668 2414 egisse
1708 2373 1858 2403 senem
1904 2362 1975 2402 ali-

276 2443 426 2483 quem,
460 2433 692 2472 conferens
723 2433 775 2472 fr.
811 2433 911 2472 233.
946 2433 1046 2472 208.
1081 2433 1179 2473 216.

218 2501 286 2540 Fr.
322 2501 420 2540 225.
452 2499 555 2551 εὕρω
586 2511 662 2549 pro
694 2499 789 2538 αἰτῶ
822 2500 949 2548 (quod
981 2510 1092 2539 sanu
1125 2501 1254 2545 mest)
1288 2499 1480 2548 pessime
1513 2499 1577 2538 Bl.

220 2567 287 2607 Fr.
322 2568 421 2607 226.
464 2567 733 2617 Stephanum
775 2568 878 2616 Byz.
923 2577 1075 2607 revera
1116 2567 1375 2616 cognovisse
1417 2566 1706 2606 Mardones
1746 2565 1890 2614 arguit
1919 2564 1976 2602 di-

277 2636 394 2675 serta
440 2634 702 2684 significatio
748 2632 1008 2685 ἠπειρωτικὸν
1055 2632 1188 2680 ἔθνος.
1234 2634 1298 2673 Bl.
1347 2634 1457 2673 coni.
1513 2632 1845 2672 Μακεδόνων
1902 2641 1978 2680 pro

285 2701 530 2753 Μαρδόνων.

220 2770 287 2810 Fr.
322 2770 422 2819 228,
459 2772 496 2810 1.
538 2769 767 2820 καρδόπους
803 2768 918 2810 <δύο
952 2769 1020 2808 vel
1052 2766 1188 2808 δέκα>
1220 2768 1303 2817 BL,
1349 2769 1473 2816 quasi
1516 2778 1620 2807 vero
1650 2777 1861 2807 numerus
1893 2775 1977 2805 non

278 2838 468 2887 potuerit
497 2838 640 2878 lectus
672 2847 769 2877 esse
800 2837 845 2876 in
876 2836 1162 2886 praegressis.

219 2906 287 2945 Fr.
321 2906 420 2945 229,
454 2905 536 2945 Pro
567 2904 668 2959 αὐτῇ
699 2906 816 2945 recte
847 2903 947 2954 αὐτὴ
980 2904 1202 2953 postulare
1232 2904 1401 2943 videtur
1428 2902 1629 2951 Blaydes.
1657 2902 1838 2941 Temere
1865 2901 1979 2940 idem

281 2973 331 3012 fr.
365 2973 452 3012 280
485 2970 508 3023 ἡ
542 2977 591 3024 γῆ
623 2982 701 3022 pro
732 2971 844 3022 αὕτη.

224 3040 292 3080 Fr.
326 3041 426 3090 282,
463 3042 500 3080 1.
550 3040 657 3090 Quid
686 3032 932 3087 exciderit,
977 3038 1335 3078 incertissimum.
1376 3037 1625 3076 Novissime
1663 3035 1727 3075 Bl.
1765 3032 1836 3085 μὲν
1882 3034 1982 3084 αὕτη

280 3109 324 3147 et
357 3108 399 3147 in
437 3108 563 3147 Add.
597 3108 643 3147 B.
677 3105 776 3157 καλὴ
809 3105 870 3156 δή.
908 3127 961 3135 -
989 3106 1056 3145 Ad
1089 3115 1152 3144 vs.
1187 3106 1211 3144 2
1245 3103 1339 3142 ὅταν
1371 3103 1492 3157 δεήσῃ
1525 3104 1708 3143 adnotat
1739 3103 1981 3142 vLeeuwen

280 3175 380 3224 „qui
418 3175 481 3215 sic
510 3175 699 3223 loquitur
730 3175 874 3214 innuit
910 3184 960 3213 eo
993 3174 1086 3223 ipso
1118 3175 1314 3222 tempore
1355 3172 1410 3211 iis
1441 3181 1550 3221 opus
1582 3181 1668 3211 non
1705 3181 1820 3219 esse,
1866 3170 1977 3218 quod

278 3241 442 3291 optime
472 3242 656 3290 quadrat
687 3242 731 3280 in
762 3250 929 3279 annum
961 3240 1047 3279 422
1082 3238 1394 3278 indutiarum”.
1427 3237 1522 3277 Vid.
1555 3238 1607 3277 ad
1640 3238 1690 3277 fr.
1729 3237 1824 3276 189.
