2216 3522
1080 200 1162 239 170

295 319 497 359 Ceterum
538 320 641 368 quin
682 321 768 360 seii
808 322 1038 373 poetastri,
1083 332 1167 363 non
1211 321 1454 371 Menandri,
1498 320 1541 360 hi
1585 330 1740 360 versus
1780 320 1872 360 sint
1911 319 2002 360 nul-

296 387 366 426 lus
398 387 560 427 dubito.

236 454 304 495 Fr.
337 456 437 504 555,
471 456 511 495 3.
559 458 639 502 τοῖς
681 457 784 503 ζῶσι.
826 456 888 497 Cf.
929 458 1029 507 593,
1063 458 1103 498 3.
1146 457 1262 497 Num
1304 457 1406 506 quid
1445 456 1705 497 mutandum
1748 456 1808 496 sit
1838 455 2002 498 dubito.

295 522 403 562 Cum
439 523 500 562 ΒΙ.
533 523 687 563 malim
719 524 864 572 πάντες
891 521 927 564 δ’
963 524 1017 573 εἷς
1049 523 1094 564 σε’
1122 539 1176 578 γε.

238 590 304 629 Fr.
339 591 437 639 556,
473 591 512 630 3.
546 590 653 641 οἴμοι
686 590 778 647 λέγῃ
806 594 898 639 (aut
928 593 1019 648 βοᾷ)
1053 594 1174 634 suasi
1206 594 1309 633 ante
1336 592 1420 643 ΒΙ.,
1454 594 1586 631 λαλεῖν
1614 591 1695 631 hoc
1721 601 1856 631 sensu
1883 601 2003 632 usur·

295 660 446 707 patum
478 660 730 708 sequiorum
762 670 861 702 esse
893 672 1094 702 monens.

238 725 305 765 Fr.
341 726 440 775 557,
477 727 517 766 4.
556 730 635 774 τοῖς
667 725 885 779 ἀλλοτρίοις
917 730 1059 770 metro
1091 729 1341 779 damnatur,
1373 726 1451 768 sed
1483 727 1651 767 incerta
1681 727 1751 766 est
1781 725 2005 767 correctio.

296 793 380 832 Vix
413 796 529 833 recte
561 797 641 841 τοῖς
674 792 865 843 ἐναντίοις
898 796 1037 847 Kock,
1071 795 1232 836 melius
1258 795 1323 836 Bi.
1351 797 1451 834 τοῖσι
1475 800 1555 833 τῶν
1580 791 1720 843 πέλας,
1744 793 1822 833 sed
1848 803 2005 843 parum

296 861 517 910 eleganter
542 862 739 911 repetitis
771 863 917 903 verbis
949 865 993 904 in
1026 864 1179 904 eadem
1211 863 1314 904 sede
1346 862 1472 903 lectis
1504 872 1569 902 vs.
1605 863 1629 901 2
1662 860 1828 910 (quidni
1859 860 2007 911 potius

295 931 375 975 τοῖς
422 934 517 967 τῶν
567 930 863 981 πλησίονῗ);
916 932 1039 972 Idem
1066 929 1356 983 προστιθέασιν
1396 928 1614 981 ἀλλοτρίοις
1651 927 1851 981 <ἕχειν>,
1891 929 2004 979 quod

297 996 422 1036 valde
447 997 661 1046 displicet.
693 998 762 1039 Ita
793 1000 911 1040 enim
944 997 1161 1051 ἀλλοτρίοις
1193 999 1365 1039 soloece
1397 999 1633 1048 poneretur
1664 1007 1742 1047 pro
1773 994 1919 1045 ἄλλοις.

238 1063 304 1103 Fr.
338 1064 437 1114 558,
471 1065 510 1104 2.
545 1066 910 1115 supplementum
942 1078 1092 1108 meum
1126 1067 1282 1118 probat
1312 1067 1377 1107 Bl.

237 1131 302 1171 Fr.
323 1133 421 1172 560.
451 1133 590 1173 Locus
616 1137 684 1174 est
710 1136 1087 1187 corruptissimus,
1117 1136 1230 1185 quod
1256 1136 1428 1185 praeter
1445 1133 1722 1174 deficientem
1738 1132 2006 1173 sententiam

295 1201 440 1249 arguit
484 1201 693 1241 συνοικίαν
730 1203 876 1253 inepte
919 1206 1175 1254 usurpatam
1223 1214 1300 1253 pro
1347 1202 1478 1242 οἰκίαν
1519 1203 1565 1242 et
1605 1200 1768 1240 οἰκετῶν
1809 1211 1886 1251 pro
1926 1206 2006 1240 τῶν

296 1266 477 1318 οἰκετῶν,
516 1279 625 1318 quae
657 1271 764 1310 vitia
799 1281 887 1311 non
919 1281 1078 1311 curans
1111 1271 1232 1311 Kock
1264 1271 1400 1311 nimis
1431 1270 1514 1310 sibi
1550 1268 1750 1319 placebat
1777 1279 1841 1309 vs.
1869 1269 2004 1318 3.pro

296 1336 471 1375 traditis
511 1334 610 1375 ἀλλὰ
650 1336 944 1389 παρέλιπον
985 1338 1148 1378 οἰκετῶν
1187 1333 1327 1377 εἶναι
1358 1336 1495 1376 στάσιν
1527 1337 1804 1377 substituens
1843 1332 1942 1375 ἀλλ’
1975 1333 2002 1388 ἢ

296 1403 623 1455 παρενείρων
654 1405 815 1445 οἰκετῶν
846 1409 1031 1446 θεῖναι
1061 1406 1217 1456 στάσιν,
1247 1406 1370 1456 prius
1402 1405 1604 1454 verbum,
1644 1404 1757 1454 quod
1788 1403 2004 1453 sequioris

296 1472 365 1509 est
411 1481 536 1522 usus,
585 1484 802 1523 usurpans
847 1475 897 1514 ut
937 1484 1155 1523 nusquam
1198 1473 1444 1523 adhibetur,
1487 1472 1707 1522 posterius
1749 1473 1797 1512 ut
1825 1470 2001 1521 tragici,

297 1548 381 1577 non
416 1540 588 1590 comici,
623 1541 740 1590 loqui
773 1541 983 1582 assolent.
1016 1541 1172 1582 Melius
1205 1542 1322 1581 certe
1363 1540 1667 1591 proposuisset
1696 1535 1774 1578 ἀλλ’
1810 1536 1836 1591 ἢ
1873 1537 1999 1580 <οὐ>

297 1607 622 1656 παραλείπων
661 1609 823 1648 οἰκετῶν
864 1612 1040 1649 ποιεῖν
1081 1609 1238 1659 στάσιν,
1273 1609 1402 1649 modo
1439 1607 1602 1648 οἰκετῶν
1633 1606 1819 1648 articulo
1855 1616 2003 1647 carere

295 1674 445 1721 possit.
474 1674 593 1724 Quod
625 1676 663 1716 si
689 1675 782 1717 fieri
809 1678 978 1727 nequit,
1005 1678 1199 1718 nondum
1218 1687 1291 1716 me
1317 1677 1513 1726 poenitet
1539 1675 1702 1716 veteris
1729 1675 2004 1716 coniecturae

297 1751 360 1780 vs.
381 1742 405 1780 2
424 1752 516 1791 sqq.
541 1740 616 1795 ἐγὼ
647 1742 689 1783 τὸ
720 1743 883 1799 ,σῴζειν
905 1744 1037 1792 <τοὺς
1064 1745 1229 1792 θεοὺς>
1260 1742 1332 1795 τὴν
1359 1743 1537 1794 οἱκίαν”,
1565 1740 1570 1796 Ι
1598 1741 1697 1782 ἀλλὰ
1726 1741 2003 1795 ,παρέχειν

294 1814 391 1847 τῶν
422 1809 584 1849 οἰκετῶν
610 1806 712 1850 εἶναι
738 1812 876 1853 στάσιν
904 1808 910 1867 Ι
938 1811 1056 1852 ἔνδον
1087 1808 1176 1864 παρ’
1213 1810 1349 1867 αὖτῷ”
1382 1818 1545 1864 πρᾶγμα
1576 1810 1887 1863 χρησιμώτατον,
1917 1811 2000 1851 Le.

295 1886 371 1925 pro
403 1877 571 1926 vulgari
603 1880 796 1928 precium
828 1880 1019 1920 formula
1051 1881 1185 1920 aliam
1219 1890 1305 1920 non
1338 1880 1486 1919 minus
1518 1878 1739 1919 efficacem
1767 1878 2003 1919 substitue·

295 1943 410 1983 bam.
442 1944 692 1995 Compluria
734 1947 786 1987 de
820 1958 942 1988 more
974 1948 1222 1988 tentamina
1253 1947 1446 1997 profudit
1476 1947 1600 1987 ferax
1632 1946 1854 1996 Blaydesii
1886 1945 2001 1995 inge-

294 2011 436 2061 nium,
470 2023 654 2061 quorum
687 2016 837 2054 tamen
869 2015 977 2055 nihil
1011 2015 1243 2055 satisfacit.

236 2078 304 2117 Fr.
337 2080 437 2119 561.
469 2085 537 2131 τῆς
564 2087 676 2128 σκιᾶς
703 2081 774 2132 τὴν
800 2083 1035 2134 πορφύραν,
1063 2083 1089 2123 i.
1115 2093 1151 2122 e.
1179 2092 1435 2132 purpuram,
1465 2092 1597 2132 quam
1627 2082 1740 2122 vesti
1766 2081 2002 2122 intexendo

295 2147 451 2187 umbra
492 2147 698 2199 efficitur;
741 2151 973 2200 opponitur
1013 2150 1223 2203 λευκόν,
1262 2151 1466 2200 lumen,
1514 2159 1577 2190 vs.
1613 2150 1654 2190 3.
1688 2149 1923 2200 Perperam
1954 2154 2003 2204 τῇ

295 2221 385 2268 σκιᾷ
417 2215 480 2255 Bl.
514 2216 679 2266 absque
710 2218 800 2258 ullo
831 2229 979 2259 sensu.

237 2281 304 2320 Fr.
338 2283 438 2332 562,
477 2284 512 2323 1.
546 2284 662 2325 Bene
694 2291 777 2333 πῶς
809 2288 958 2326 tuetur
989 2287 1068 2337 ΒΙ.,
1103 2286 1219 2327 male
1251 2286 1495 2327 sollicitans
1526 2285 1697 2325 δεικνύω
1730 2295 1795 2325 νε.
1828 2286 1868 2326 3.

236 2349 303 2389 Fr.
337 2352 435 2399 563,
474 2353 509 2391 1.
542 2352 763 2394 Plutarchi
793 2355 925 2395 verba
951 2366 1048 2395 esse
1076 2357 1203 2405 putat
1233 2354 1317 2404 ΒΙ.,
1352 2354 1501 2394 nescio
1533 2364 1588 2393 an
1620 2354 1827 2393 recte.—
1853 2351 1928 2393 Vs.
1961 2352 2001 2392 2.

295 2419 321 2459 l.
350 2417 588 2471 γί<γ>νομ’
617 2425 661 2462 et
688 2424 793 2462 nota
819 2423 1029 2463 festivum
1056 2433 1302 2472 oxymoron
1318 2420 1456 2468 λεπτὸς
1473 2416 1625 2474 γίγνομ’
1645 2419 1929 2472 εὐωχούμενος.
1948 2441 2002 2449 -

298 2487 367 2527 Vs.
402 2489 442 2528 3.
485 2487 530 2526 τὰ
571 2488 786 2539 σκεμμάτια
828 2490 1041 2540 hodieque
1082 2501 1154 2530 me
1192 2500 1294 2530 vere
1326 2489 1574 2530 correxisse
1605 2488 1807 2528 arbitror.
1840 2487 2006 2528 Iniuria

297 2555 416 2595 Kock
457 2557 562 2595 mihi
606 2557 764 2597 obiecit
795 2558 1056 2598 deminutivi
1090 2568 1239 2607 usum,
1282 2557 1505 2607 aptissimi
1537 2567 1608 2597 me
1640 2556 1799 2607 iudice,
1832 2555 1935 2605 quia
1965 2556 2004 2596 is

295 2624 366 2671 qui
400 2623 589 2673 loquitur
621 2626 708 2665 ista
739 2626 996 2666 contemnit.
1029 2647 1080 2653 —
1103 2625 1178 2664 Vs.
1212 2628 1251 2665 4.
1286 2625 1349 2665 Bl.
1382 2625 1456 2665 cft.
1488 2623 1710 2674 Eupolidis
1741 2623 1793 2664 fr.
1830 2623 1927 2673 146,
1961 2623 2001 2673 2,

297 2701 375 2730 nec
402 2698 518 2732 recte
546 2693 608 2732 Bl.
642 2693 823 2743 probare
856 2693 1175 2733 Meinekianum
1215 2692 1446 2743 σκωμμάτια
1478 2693 1659 2742 apparet
1690 2701 1745 2731 ex
1777 2690 2006 2731 adiectlvis

294 2760 400 2808 σοφά
433 2763 476 2800 et
508 2760 763 2812 στρατηγικά,
797 2761 910 2810 quod
943 2761 1102 2801 saltem
1136 2758 1392 2812 στρατιωτικὰ
1424 2770 1523 2800 esse
1554 2759 1750 2800 debebat.

240 2830 303 2867 Fr.
338 2831 437 2877 564,
473 2829 511 2868 2.
560 2825 632 2878 μὲν
672 2822 747 2868 οὖν
788 2840 864 2879 pro
905 2828 1031 2879 μόνον
1073 2830 1192 2869 certa
1229 2828 1530 2868 Valckenaerii
1564 2827 1791 2877 correctio,
1824 2825 2005 2877 probata

296 2897 430 2935 etiam
465 2896 709 2945 Blaydesio.

241 2965 304 3003 Fr.
341 2966 439 3011 564,
474 2967 513 3003 4.
544 2964 675 3004 Recte
709 2964 906 3014 Bentley.
940 2965 1003 3005 Bl.
1036 2962 1192 3017 γυναιξὶ
1230 2986 1279 2993 ——
1314 2964 1524 3010 πλείσταις.
1557 2963 1650 3003 Non
1683 2962 1854 3003 accedo.

241 3033 304 3071 Fr.
339 3034 438 3081 566,
478 3034 512 3071 1.
553 3032 645 3071 Vid.
681 3032 829 3072 Nauck
861 3032 957 3073 Mel.
991 3032 1048 3072 VI
1081 3043 1120 3083 p.
1159 3033 1255 3073 119.
1277 3053 1328 3060 —
1350 3032 1423 3072 Vs.
1455 3032 1481 3072 3
1515 3033 1733 3084 κακουργεῖ
1759 3032 1908 3071 tuetur
1938 3029 2002 3071 Bl.

238 3100 304 3140 Fr.
339 3089 437 3139 536.
473 3100 535 3139 Ad
564 3100 859 3149 Trophonium
888 3102 1104 3151 pertinere
1131 3100 1312 3151 putabat
1328 3099 1491 3141 Nauck.
1510 3098 1652 3140 —Vs.
1670 3099 1696 3139 3
1715 3099 1811 3138 sine
1827 3097 2004 3138 nomine

296 3155 488 3206 auctoris
534 3168 667 3207 citare
715 3168 834 3208 Stob.
879 3168 964 3208 Ecl.
1001 3169 1041 3219 2,
1077 3170 1114 3208 7.
1153 3169 1228 3216 13;
1262 3178 1302 3218 p.
1340 3168 1437 3218 124,
1473 3167 1498 3206 2
1543 3168 1694 3207 monet
1734 3165 1864 3206 idem.
1907 3164 2003 3206 Vid.

295 3245 429 3284 supra
461 3235 512 3274 ad
548 3235 596 3275 fr.
630 3236 731 3276 468.
