2216 3522
989 183 1072 222 207

150 302 220 342 Fr.
252 302 353 351 338,
390 303 428 342 1.
469 303 533 343 Bl.
574 307 781 345 revocata
820 307 984 347 tradita
1022 307 1209 347 lectione
1251 304 1483 356 διαφανέσι,
1523 306 1708 346 coniecit
1751 305 1907 357 χλανίσε

211 365 256 408 δὲ
301 368 515 419 διαφανέσι
550 379 668 414 <τε>
712 373 1182 425 περιβεβλημένοι,
1229 374 1326 415 coll.
1373 374 1446 413 Ar.
1487 374 1588 423 Lys.
1634 372 1681 412 τὰ
1727 373 1906 423 διαφανῆ

209 437 388 489 χιτώνια,
434 438 507 478 ubi
546 442 699 497 tamen
738 440 790 480 de
831 442 952 481 cultu
994 443 1138 492 agitur
1168 442 1448 482 muliebri.
1483 442 1535 481 Et
1567 451 1720 482 versus
1751 451 1904 491 pamm

209 507 279 545 est
310 506 586 547 ‘modulatue
634 507 838 548 Ceterum
878 509 1204 561 περιβεβλημένοι
1246 513 1337 560 (pro
1377 507 1723 559 περιπεπεμμὲνοι)
1762 511 1907 559 aptius

210 573 381 614 videtur
410 585 556 623 quam·
575 575 745 615 Heinsii
776 577 1024 617 coniectura
1053 576 1412 628 περιπεπλεγμένοι.
1444 600 1493 605 -
1522 577 1584 617 De
1612 588 1715 617 voce
1741 577 1906 628 μαστίχη

208 641 326 681 idem
366 642 440 682 eft.
482 643 660 683 Lucian.
703 644 801 684 adv.
842 645 1002 685 indoct.
1035 646 1104 685 23.
1142 668 1192 674 -
1227 645 1300 685 Vs.
1334 646 1374 684 4.
1419 645 1613 684 Praefert
1643 656 1684 684 v,
1716 645 1744 684 l.
1787 659 1906 682 κατα-

208 707 491 759 κειλασμένως.

149 775 219 815 Fr.
251 776 351 825 340,
386 777 426 817 2.
468 777 720 827 Simplicius
760 779 804 818 in
836 779 970 819 Arist.
1004 779 1150 830 Gateg.
1184 781 1279 821 87b
1311 781 1367 820 36
1399 780 1465 820 ed.
1498 780 1593 819 Ber.
1626 779 1758 819 habet
1787 778 1905 825 καλός

207 839 239 894 y’
273 841 295 882 ὁ
329 845 561 895 Πειραιεύς,
590 846 808 886 indicante
839 846 1050 897 Nauckio,
1084 848 1152 887 cui
1182 858 1248 888 vs.
1277 849 1303 888 5
1330 848 1516 887 fortasse
1544 846 1671 886 alteri
1697 856 1906 895 personae

205 911 463 952 tribuendus
494 913 678 963 videtur,
712 914 814 962 quia
844 914 974 954 aliter
1004 911 1039 953 εἶ
1067 917 1387 965 expectaretur.
1422 915 1682 954 Verissime!

34 960 217 1019 ,Αἵ
249 979 349 1028 341,
386 981 406 1018 1
441 981 485 1019 et
517 981 556 1019 2.
585 979 694 1020 Cum
725 981 791 1021 Bl.
838 982 1081 1030 probabiles
1123 984 1232 1023 duco
1271 982 1427 1022 Naberi
1469 982 1741 1021 coniecturas
1776 983 1906 1032 τοῖχον

206 1056 284 1096 pro
324 1045 462 1098 βωμόν
502 1050 547 1087 et
586 1046 716 1098 εὑρὼν
757 1059 835 1098 pro
874 1047 983 1100 ἔχων.
1021 1073 1072 1078 ——
1105 1050 1178 1090 VS.
1222 1052 1263 1090 4.
1302 1050 1435 1089 Recte
1478 1047 1680 1099 τιθέμενοι
1707 1071 1760 1076 -
1798 1062 1905 1095 τινος

139 1110 150 1123 ’
206 1114 322 1154 tueri
351 1115 522 1155 videtur
552 1115 687 1155 Kock.

147 1180 216 1221 Fr.
248 1182 349 1231 346,
384 1182 423 1221 2.
457 1182 645 1222 Versum
676 1184 952 1233 ineptissime
983 1185 1179 1224 additum
1207 1185 1365 1224 merito
1390 1184 1645 1234 proscripsit
1668 1183 1831 1223 Nauck.
1851 1205 1904 1210 —

206 1248 281 1288 Vs.
328 1250 370 1289 3.
427 1248 553 1289 αὐτοῦ
608 1251 757 1291 nescio
813 1262 868 1291 an
924 1254 1042 1292 recte
1099 1246 1290 1301 requirat
1337 1251 1422 1300 Bl.;
1469 1252 1695 1301 praeterea
1739 1251 1905 1300 corrige

205 1312 461 1368 γί<γ>νεθ’.

148 1383 218 1423 Fr.
251 1385 335 1424 347
355 1394 394 1424 a.
433 1385 527 1424 Hoc
556 1385 873 1436 fragmentum,
907 1397 994 1427 non
1024 1387 1076 1427 fr.
1110 1388 1196 1427 474
1229 1390 1292 1434 (ut
1324 1388 1438 1427 male
1470 1387 1602 1426 refert
1618 1386 1699 1431 Bl.)
1730 1387 1904 1435 propter

207 1453 421 1492 aoristum
453 1451 530 1502 ἔφυ
562 1454 812 1493 comoediae
842 1454 1099 1495 abiudicavi.

150 1519 218 1559 Fr.
252 1521 353 1571 348,
387 1521 427 1560 2.
461 1520 523 1561 cf.
556 1521 724 1571 Nauck,
760 1522 854 1561 Mel.
889 1522 946 1560 VI
976 1533 1016 1571 p.
1054 1524 1149 1562 160.

149 1588 216 1628 Fr.
249 1589 350 1638 349,
386 1590 423 1628 1.
455 1589 624 1628 Vitium
656 1590 885 1629 metricum
919 1590 1147 1630 scribendo
1178 1589 1216 1637 ἐς
1254 1587 1373 1630 <ὁὲ>
1411 1590 1600 1629 correxit
1631 1590 1759 1629 idem.

148 1655 216 1695 Fr.
249 1657 338 1696 360
382 1656 537 1706 tragici
583 1667 681 1696 esse
723 1657 906 1697 videtur.
950 1658 1128 1706 Legitur
1175 1668 1276 1697 vero
1318 1658 1422 1698 Mor.
1464 1669 1503 1707 p.
1537 1659 1672 1706 34A,
1715 1658 1767 1697 de
1804 1658 1901 1696 aud.

208 1723 364 1772 poetis.
398 1746 452 1752 —
485 1724 559 1763 Vs'.
594 1725 632 1764 2.
666 1724 923 1774 Scripserim
956 1724 1059 1763 ὅπου
1091 1731 1221 1779 προσῇ
1252 1740 1286 1763 τι
1318 1729 1409 1774 (pro
1440 1724 1497 1771 τὸ)
1528 1724 1680 1771 κάλλος.

148 1789 218 1830 Fr.
251 1790 352 1831 362.
385 1791 448 1832 Cf.
479 1791 629 1831 Nauck
659 1792 733 1831 l.l.

146 1856 215 1898 Fr.
248 1859 350 1899 363.
383 1858 494 1899 Cum
524 1859 588 1898 Bl.
621 1859 792 1908 legatur
825 1858 903 1899 ὑπὸ
935 1865 1004 1911 τῆς
1032 1865 1117 1912 γῆς.

146 1923 215 1965 Fr.
247 1926 348 1975 364,
378 1927 418 1965 2.
451 1932 535 1973 πῶς
576 1925 624 1966 οὐ
665 1925 824 1978 περιττὰ
863 1925 950 1966 καὶ
990 1927 1231 1975 παιδιαῖς
1273 1927 1634 1979 προσεοικότα.
1667 1927 1902 1977 Corrigitur

204 1998 290 2040 πῶς
344 1993 393 2033 οὗ
451 1993 610 2045 περιττὰ
663 1995 907 2042 παιδιαῖς
952 1991 979 2034 τ’
1030 1994 1255 2036 ἐοικότα.
1304 1996 1387 2036 Sed
1432 1997 1662 2045 suspectae
1709 1997 1813 2034 sunt
1858 1995 1901 2033 in

205 2061 430 2101 comoedia
454 2061 620 2102 formae
651 2060 819 2101 ἐοικέναι
856 2065 901 2102 et
931 2061 1087 2111 ἐοικώς,
1116 2064 1262 2112 itaque
1292 2063 1446 2103 malim
1478 2065 1554 2102 aut
1584 2062 1758 2112 περιττά,
1792 2076 1901 2099 παι-

204 2127 347 2174 δίαις
376 2129 696 2178 προσεικότα
727 2132 803 2169 aut
833 2128 991 2181 περιττὰ
1021 2130 1297 2169 παιδιαῐσί
1325 2127 1352 2169 τ’
1387 2129 1577 2169 εἰκότα.

144 2196 213 2236 Fr.
246 2197 347 2236 366.
558 2194 637 2235 ἀπὸ
667 2202 737 2247 τῆς
767 2197 950 2252 πατρῴας
981 2195 1108 2244 ἑστίας
1141 2196 1328 2250 ἐξέρχεται

563 2263 667 2302 κάτω
698 2263 881 2314 κεκυφὼς
912 2262 997 2302 καὶ
1029 2264 1229 2315 μηδένα
1260 2271 1358 2304 τῶν
1390 2264 1740 2303 ἀπαντώντων

564 2329 612 2378 ἒξ
644 2329 891 2370 ἐναντίου
923 2330 1276 2383 προσβλέπων.

208 2398 274 2437 Ex
305 2398 374 2437 his
406 2398 615 2445 [Luciani]
648 2399 796 2438 Amor.
830 2400 886 2438 44
918 2399 1063 2438 verbis
1094 2399 1332 2439 effecerunt
1362 2409 1475 2438 vss.:

563 2465 667 2505 κάτω
699 2465 880 2515 κεκυφὼς
911 2461 1106 2505 κοὺδὲν’
1143 2465 1191 2514 ἐξ
1224 2465 1473 2505 ἐναντίου

563 2539 844 2584 προσορῶν.

209 2602 267 2641 At
298 2612 389 2643 non
420 2601 485 2640 sic
514 2610 668 2650 graece
699 2601 868 2650 dicitur,
902 2602 978 2640 sed
1016 2599 1371 2652 προσβλέπειν
1404 2599 1642 2639 ἐναντίον
1677 2599 1796 2648 τινί,
1826 2602 1903 2639 aut

209 2666 567 2720 ἀντιβλέπειν,
606 2678 740 2717 quare
782 2668 908 2717 longe
940 2670 1206 2718 praestiterit
1237 2669 1331 2708 sola
1362 2668 1494 2707 verba
1525 2666 1603 2706 ἀπὸ
1639 2690 1688 2695 -
1722 2667 1901 2714 κεκυφώς

207 2740 380 2786 poetae,
413 2736 508 2775 sive
539 2736 705 2776 comico
736 2736 830 2775 sive
862 2737 1047 2789 tragico,
1079 2736 1286 2785 tribuere,
1320 2735 1485 2784 reliqua
1517 2736 1597 2784 ipsi
1630 2735 1842 2783 scriptori.

149 2804 217 2843 Fr.
250 2804 350 2852 374,
385 2804 424 2843 2.
459 2803 521 2842 Bl.
554 2800 699 2842 τᾶνδον
730 2813 806 2852 pro
836 2801 1035 2842 τᾶνδοθεν
1068 2804 1212 2843 nescio
1244 2813 1298 2842 an
1330 2805 1459 2842 recte.

148 2871 216 2910 Fr.
250 2872 350 2920 375,
385 2871 424 2910 2.
460 2871 581 2910 Idem
613 2870 739 2909 πότοι.
771 2870 859 2919 Ego
890 2870 1001 2909 facio
1034 2881 1133 2909 cum
1167 2870 1377 2909 Meinekio
1409 2871 1452 2908 et
1484 2869 1655 2909 CobetO.

148 2939 216 2978 Fr.
250 2939 351 2978 376.
380 2938 444 2977 Bl.
478 2949 563 2978 non
594 2940 790 2986 mutans»,
824 2938 900 2976 sed
927 2940 1215 2986 transponens
1244 2936 1373 2976 verba
1399 2935 1654 2984 ClementiS,
1684 2935 1899 2983 proponit:

564 3002 585 3043 ὁ
622 3002 772 3055 (μὲν)
809 3003 927 3051 ἵππος
959 3003 1083 3043 αὐτοῦ
1102 3035 1238 3042 ......

565 3071 707 3111 ἐστὶν
737 3072 938 3111 ταλάντων
970 3069 1229 3110 πεντεκαιδεκ’
1264 3070 1372 3119 ἄξιος

207 3141 290 3181 Sed
322 3151 409 3180 non
440 3140 667 3180 ferendum
699 3140 870 3179 videtur
900 3139 1112 3179 auxiliare
1140 3139 1319 3179 verbum
1348 3138 1449 3178 ἐστίν
1478 3139 1520 3177 in
1546 3137 1731 3177 trimetri
1760 3136 1898 3181 initio,

207 3208 280 3247 ubi
311 3209 476 3257 optime
501 3208 675 3256 ponitur
701 3205 822 3255 ἔστιν,
854 3208 1071 3246 existIt.
1101 3207 1230 3246 Recte
1258 3209 1403 3245 tamen
1431 3205 1741 3244 animadvertit
1769 3203 1899 3246 male,
