2216 3522
1037 230 1091 270 81

177 358 245 399 Fr.
277 360 348 408 94,
385 359 421 398 1.
453 356 649 397 ποθεινόν
674 358 724 396 ut
749 355 898 403 πόθος,
927 356 1298 404 desiderium,
1328 356 1416 395 iam
1445 357 1640 396 continet
1668 356 1939 398 deficientiae

235 427 477 474 notionem,
511 426 659 474 itaque
686 425 829 464 otiosa
859 426 928 463 est
958 424 1112 463 Kockii
1145 424 1397 463 coniectura
1422 422 1527 462 ἀπὸν
1558 422 1631 474 μὲν
1668 436 1744 474 pro
1771 424 1940 471 ἔὶπασινς

237 493 340 549 licet
379 494 551 544 placeat
580 493 831 541 Blaydesio,
880 493 953 541 qui
984 493 1077 541 ipse
1110 502 1176 531 vs.
1209 493 1234 530 3
1267 494 1384 531 recte
1417 493 1642 541 requirens
1673 493 1939 542 duplicatum

237 559 290 609 ὣς
321 562 436 601 haud
467 560 814 610 improbabiliter
844 560 1047 609 proponit
1078 557 1131 606 ὡς
1162 557 1308 610 ἐχθρόν
1339 570 1415 609 pro
1448 562 1649 610 corrupto
1680 559 1873 612 ἀχθηρόν.

295 629 441 669 Botbii
481 628 814 678 παραδιόρθωσιν
854 627 1017 666 iniuria
1052 626 1266 676 probabat
1297 627 1434 667 Kock.
1477 627 1563 668 Cur
1593 628 1754 668 ibidem
1788 639 1864 677 pro
1906 627 1945 667 τέ

235 697 481 736 scribamus
512 695 555 734 δέ
586 706 687 735 cum
719 695 783 734 Bl.
817 705 952 734 causa
978 696 1048 734 est
1079 694 1214 734 nulla.

180 764 517 803 ΕΥΘΥΔΙΚΟΣ.
550 762 709 803 Aesch.
742 762 763 800 I
789 763 847 801 40
880 759 1052 811 ἐκάθητο
1071 783 1125 790 —-
1154 759 1217 800 ἐπὶ
1247 766 1318 800 τοῦ
1358 761 1600 802 Ευθυδίκου
1631 762 1817 813 ἰατρείου.
1848 763 1945 803 Noli

237 841 339 871 cum
374 831 438 871 Bl.
480 831 720 870 rescribere
752 827 816 867 ἐπὶ
846 835 898 883 τῷ
934 851 987 857 -
1020 827 1187 884 ἰατρείῳ.
1220 829 1288 868 Ita
1318 830 1495 879 scripsit
1527 832 1676 870 orator
1706 831 1759 870 ad
1792 831 1942 870 simili-

237 899 435 938 tudinem
467 901 596 938 notae
623 897 863 947 ⁴locutionis
894 897 946 936 de
978 897 1137 936 scortis
1167 892 1222 935 ἐπ’
1258 895 1471 947 οἰκήματος
1501 897 1694 945 καθίζειν.

180 966 248 1006 Fr.
280 967 351 1005 95.
399 965 554 1005 Melius
595 974 725 1014 qnam
769 965 890 1005 Kock
920 964 1110 1013 BlaydeS
1151 963 1387 1011 πουλύπους
1414 962 1421 1015 Ι
1450 962 1492 1003 ἐν
1521 965 1697 1021 βατανίῳ
1728 980 1785 1012 τις
1816 964 1944 1015 ἑφθὸς

245 1027 364 1072 <εὗ>
399 1030 650 1083 τετμημένος.

178 1100 247 1140 Fr.
283 1101 380 1150 100,
413 1101 454 1140 3.
496 1100 850 1150 Quadruplicem,
894 1100 984 1139 imo
1026 1099 1342 1148 quintuplicem
1381 1100 1680 1140 coniecturam
1713 1101 1949 1150 propositis

237 1168 357 1207 addit
392 1168 457 1208 Bl.
489 1179 529 1217 p.
562 1168 658 1207 106.
690 1166 752 1206 De
780 1177 844 1206 vs.
862 1168 889 1206 4
917 1166 990 1206 cft.
1020 1166 1200 1216 Antiph.
1228 1166 1293 1205 III
1320 1168 1376 1206 52
1395 1167 1470 1215 M.;
1502 1167 1687 1207 Philem.
1714 1167 1775 1206 IV
1805 1169 1857 1207 10
1875 1169 1944 1217 Μ.;

239 1235 365 1275 Alex.
400 1237 500 1285 211,
538 1237 557 1274 1
589 1235 643 1274 K.

180 1302 248 1342 Fr.
286 1303 382 1352 102,
417 1303 456 1342 2.
498 1301 598 1352 πρὸς
638 1305 729 1350 (pro
762 1299 841 1347 καὶ)
885 1303 930 1340 et
961 1299 1060 1352 ἔχων
1093 1311 1164 1340 me
1196 1301 1465 1351 probabilius
1495 1303 1658 1351 Naber;
1692 1313 1816 1343 meas
1847 1314 1944 1343 con-

236 1371 429 1410 iecturas
459 1370 593 1410 refert
624 1369 697 1418 K.,
731 1368 780 1407 σὺ
818 1369 989 1418 delens,
1031 1370 1069 1408 si
1101 1380 1275 1409 meeum
1307 1370 1479 1418 legatur
1509 1368 1643 1421 ψέγεις
1674 1370 1944 1418 (improbabi-

238 1437 383 1477 biliter
413 1435 558 1488 μέμφει
590 1437 685 1483 ΒΙ.).
719 1437 858 1477 Hodie
887 1437 1164 1486 scripserim:

534 1503 642 1544 τουτὶ
674 1502 749 1556 γὰρ
781 1503 879 1543 αὐτὸ
910 1500 1067 1555 πρῶθ’
1103 1500 1124 1542 ὃ
1157 1503 1207 1542 σὺ
1238 1502 1421 1556 ψέγεις
1452 1507 1604 1544 παθεῖν

238 1583 315 1622 pro
355 1578 512 1623 πρῶτον
551 1569 573 1611 3
614 1571 663 1611 σὺ
695 1575 821 1619 ποιεῖς
853 1585 894 1610 π.
925 1594 977 1600 -
1004 1572 1079 1611 Vs.
1113 1573 1154 1611 4.
1186 1572 1251 1611 Bl.
1286 1574 1404 1612 recte
1437 1583 1463 1612 a
1495 1573 1655 1612 Naberi
1695 1573 1947 1613 coniectura

238 1637 409 1688 ἁπαλαῖς
455 1644 601 1690 (quam
652 1643 821 1689 tamen,
871 1639 1072 1679 mirabile
1113 1640 1253 1689 dictu,
1298 1641 1489 1689 primum
1533 1640 1828 1690 amplectitur)
1870 1651 1947 1690 pro

238 1711 376 1755 καλαῖς
422 1708 618 1748 defendit
664 1708 910 1757 vulgatam,
964 1698 1219 1756 comparato
1260 1708 1487 1747 simillimo
1526 1705 1677 1755 ἁπαλὸς
1716 1707 1783 1747 καὶ
1828 1709 1946 1756 καλός

238 1776 484 1815 Nausicrat.
519 1776 578 1814 IV
610 1776 719 1823 572;
747 1776 820 1814 Ar.
853 1776 955 1823 Lys.
993 1776 1127 1823 1063;
1161 1775 1281 1815 Com.
1315 1785 1442 1815 anon.
1476 1775 1534 1814 IV
1567 1777 1667 1815 673.

182 1843 251 1882 Fr.
274 1844 371 1882 103.
399 1841 555 1894 ἄγαλμα
582 1841 825 1894 κάνδριάντα
852 1841 917 1880 καὶ
942 1841 1104 1893 γραφὴν
1130 1841 1217 1893 (ἔχω
1236 1842 1303 1881 vel
1321 1841 1432 1892 ἔχεις)
1448 1842 1512 1882 Bl.
1531 1843 1698 1892 reliqua
1714 1845 1849 1893 recte,
1868 1844 1943 1883 sed

238 1910 594 1960 supplementum
627 1911 791 1950 nullius
821 1912 891 1950 est
915 1910 1058 1959 pretii.
1087 1910 1199 1960 Quot
1224 1910 1343 1950 enim
1370 1906 1456 1949 alia
1481 1911 1723 1959 excogitari
1748 1910 1941 1959 possint!

180 1978 250 2017 Fr.
286 1978 384 2018 104.
564 1976 712 2029 ἀνδρὸς
744 1976 924 2029 διαφέρει
955 1974 1054 2017 τοῦτ’
1090 1976 1204 2029 ἀνήρ·
1237 1975 1258 2017 ὅ
1290 1975 1361 2028 μὲν
1393 1983 1523 2024 κακῶς

564 2044 745 2095 πράττων
776 2044 829 2085 τὸ
860 2047 1063 2085 λυποῦν
1093 2042 1229 2098 ἤγαγ’
1266 2045 1321 2093 εἰς
1352 2045 1617 2096 παράστασιν,

567 2110 588 2151 ὁ
620 2109 656 2151 δ’
692 2111 901 2163 ἐμφρόνως
934 2112 1145 2163 δεξάμενος
1175 2111 1340 2165 ἤνεγκεν
1372 2115 1511 2160 καλῶς.

241 2179 334 2219 Nisi
364 2180 493 2229 forte,
535 2180 647 2229 quod
679 2180 785 2220 olim
816 2180 1045 2230 putabam,
1079 2181 1237 2220 lacuna
1267 2181 1484 2220 sumenda
1513 2182 1583 2220 est
1613 2183 1714 2229 post
1742 2179 1942 2232 πράττων,

240 2247 363 2286 locus
393 2247 457 2286 sic
487 2248 770 2296 corrigendus
801 2248 995 2287 videtur:

449 2313 596 2364 ἀνδρὸς
627 2312 806 2365 διαφέρει
836 2310 935 2353 τοῦτ’
973 2313 1087 2366 ἀνήρ.
1119 2311 1141 2353 ὃ
1174 2311 1246 2364 μὲν
1277 2320 1408 2361 κακῶς

450 2380 632 2431 πράττων
663 2379 762 2420 ὑπὸ
793 2382 961 2431 λύπης
992 2384 1083 2427 (aut
1114 2380 1182 2420 διὰ
1212 2381 1358 2432 λύπην)
1391 2375 1518 2432 ἦλθεν
1549 2380 1604 2428 εἰς
1636 2382 1904 2434 παράστασιν,

450 2445 472 2486 ὃ
504 2444 541 2486 δ’
575 2447 783 2498 ἐμφρόνως
814 2447 1035 2499 (εὐφρόνως
1048 2450 1083 2495 ?)
1117 2448 1329 2499 δεξάμενος
1360 2447 1525 2500 ἤνεγκεν
1555 2451 1696 2497 καλῶς.

243 2515 322 2555 i.e.
342 2515 425 2554 vir
447 2525 473 2555 a
499 2517 620 2556 viro
647 2516 747 2556 hoc
778 2516 1004 2556 differt:
1031 2517 1194 2566 alter,
1224 2517 1466 2556 adversa
1491 2517 1725 2556 fortuna
1751 2518 1941 2566 utens,

244 2582 438 2622 dolore
473 2583 759 2623 delabitur
787 2585 840 2624 in
868 2586 1159 2624 vesaniam
1193 2588 1242 2631 (s.
1270 2585 1766 2634 desperationem),
1800 2584 1943 2624 alter

245 2650 537 2700 sapienter
577 2651 767 2697 (hilari
813 2651 1043 2699 animo?)
1090 2652 1382 2702 accipiens
1429 2654 1513 2697 (res
1559 2651 1783 2697 adversas)
1831 2652 1943 2691 fert

246 2717 495 2766 pulchre.

304 2785 500 2825 Pessime
532 2795 595 2825 vs,
629 2787 654 2825 2
695 2786 877 2836 πράττων
916 2787 960 2826 iu
1003 2792 1167 2837 φρονῶν
1211 2788 1353 2825 mutat
1385 2785 1469 2834 Bl.,
1513 2787 1558 2824 et
1589 2785 1706 2825 male
1737 2786 1941 2826 sollicita-

245 2854 341 2891 tum
373 2854 442 2892 est
465 2852 722 2904 παράστασιν.
754 2853 816 2894 Cf.
849 2854 997 2902 Polyb.
1030 2853 1066 2891 V
1097 2854 1167 2902 48,
1202 2854 1225 2892 7
1269 2851 1367 2891 κατὰ
1403 2851 1475 2902 τὴν
1511 2852 1846 2902 παράστασιν
1878 2851 1943 2891 καὶ

245 2917 317 2968 τὴν
360 2916 487 2969 ὁρμὴν
532 2918 604 2970 τὴν
648 2920 747 2972 πρὸς
794 2920 991 2972 σωτηρίαν
1037 2919 1246 2971 ἐρρίπτουν
1288 2919 1453 2966 ἑαυτούς
1495 2918 1549 2966 εἰς
1585 2918 1654 2958 τὸν
1690 2918 1869 2970 ποταμόν
1900 2922 1945 2959 et

246 2986 309 3025 III
341 2987 411 3036 84,
444 2987 470 3026 9
517 2986 583 3026 διὰ
628 2986 700 3037 τὴν
746 2987 1079 3038 παράστασιν
1126 2993 1213 3037 τῆς
1261 2986 1509 3033 διανοίας
1556 2983 1752 3036 ὁρμῶντες
1799 2985 1861 3025 ἐπὶ
1901 2986 1944 3025 τὸ

245 3052 437 3104 νήχεσθαι
477 3053 553 3093 σὺν
583 3058 664 3101 τοῖς
695 3044 831 3101 ὅπλοις
862 3053 1140 3106 ἀπεπνίγοντο.
1173 3054 1355 3093 Dobraei
1388 3054 1684 3093 coniecturam
1716 3053 1945 3104 περίστασιν

245 3120 352 3159 bene
399 3120 595 3161 refutans
640 3122 761 3162 Kock
812 3123 947 3162 etiam
998 3123 1122 3171 peius
1163 3123 1255 3171 ipse
1302 3121 1487 3161 coniecit
1532 3121 1783 3171 μετάστασιν,
1833 3121 1943 3170 quod

245 3186 443 3226 Alexidis
471 3188 522 3228 fr.
556 3189 655 3239 292,
689 3189 761 3229 ubi
793 3192 909 3228 recte
935 3189 1135 3228 additum
1163 3192 1233 3228 est
1258 3193 1327 3227 τοῦ
1354 3191 1539 3240 φρονεῖν,
1567 3198 1653 3228 non
1684 3188 1943 3229 defenditur.

245 3253 432 3293 Omnino
463 3255 770 3295 conferendum
802 3257 1069 3306 Antiphanis
1099 3256 1137 3295 fr
1170 3256 1277 3296 295:

1783 3325 1803 3352 6
