2216 3522
1078 203 1159 242 188

292 323 517 373 Eripere
564 327 643 365 aut
687 327 974 376 surripere
1020 327 1183 377 aliquid
1226 329 1355 369 alicui
1403 330 1566 370 Graece
1611 335 1810 381 περισπᾶν
1857 330 2002 372 dicere

292 402 419 440 posse
459 403 557 432 cras
596 394 790 442 credam,
843 393 1087 443 haereoque
1129 396 1350 445 imprimis
1392 397 1436 437 in
1478 398 1822 449 praepositione,
1866 409 2000 448 quam

291 459 475 499 minime
505 461 654 500 tuetur
687 461 805 500 verbi
836 461 1092 514 περιτρώγειν
1125 473 1232 503 usus
1260 464 1333 504 Ar.
1363 465 1471 505 Ach.
1502 466 1601 506 270.
1631 465 1760 516 Vesp.
1779 464 2000 517 396.'6·72,

292 526 335 565 in
376 537 459 575 quo
501 527 596 567 eius
638 528 705 568 vis
745 529 857 568 satis
899 529 1060 578 elucet;
1103 540 1206 570 nam
1240 533 1501 581 expectatur
1531 530 1612 572 ἀπό
1645 533 1714 573 vel
1746 533 1875 585 παρά,
1905 534 2002 584 aut,

290 594 327 633 si
375 594 427 634 de
468 595 740 636 clandestino
782 596 899 636 furto
941 596 1170 647 agebatur,
1210 596 1302 638 ὑπό.
1345 598 1464 649 Quod
1505 600 1701 640 sensisse
1735 600 1907 641 videtur
1937 600 2002 641 Bl.

291 662 407 702 iusto
454 663 689 703 violentius
729 666 909 704 tentans
950 663 1072 704 οἴεται
1099 663 1106 717 1
1135 663 1561 718 ὑφαρπάσεσθαι.
1602 667 1808 709 Fortasse
1839 666 2003 709 sufficit

292 729 413 769 οἴεται
441 729 446 781 Ι
476 730 806 770 ὑποσπάσειν
838 729 914 771 κτέ.

234 797 301 837 Fr.
335 798 404 847 25,
439 799 478 837 3.
615 796 681 837 καὶ
714 796 782 846 τὰς
814 797 970 851 ἑταίρας
1003 798 1304 852 εἰσαγαγὼν
1336 806 1383 856 τῇ
1413 799 1619 858 παρθένῳ.

292 866 478 915 Requiro
518 865 782 919 προσαγαγὼν
827 869 905 907 aut
936 877 1036 907 cum
1070 868 1240 908 Nabero
1267 866 1489 922 ἐπαγαγὼν.
1524 892 1577 898 -
1611 869 1685 910 VS.
1722 871 1760 910 7.
1789 868 1901 911 ταυτὶ
1926 881 2003 922 pro

290 938 413 972 ταῦτα
446 934 599 974 malim
632 944 732 974 cum
766 934 831 974 Bl.

234 1000 299 1040 Fr.
335 1001 404 1051 26,
444 1004 479 1041 1.
521 999 684 1054 λέγοντά
724 998 795 1042 <σ’
834 1000 898 1054 ἢ)
935 1004 1056 1043 recte
1099 1003 1238 1053 Kock,
1283 1014 1364 1044 nec
1405 1015 1515 1055 opus
1557 1008 1626 1046 est
1667 1005 1835 1057 dativo,
1872 1017 2004 1056 quem

291 1069 473 1117 requirit
503 1070 567 1109 Bl.
601 1070 824 1111 coniciens
854 1069 1006 1123 λέγοντι
1039 1082 1112 1110 σοι.
1145 1071 1241 1112 Vid.
1270 1082 1310 1112 v.
1330 1083 1365 1112 c.
1385 1072 1605 1114 Xenarchi
1632 1074 1684 1114 fr.
1703 1073 1869 1115 111617
1888 1075 1944 1125 (1,
1963 1075 2004 1120 7)

292 1136 345 1176 Μ.
378 1130 435 1175 ὧν
475 1135 581 1177 ἔστιν
613 1136 873 1188 ἐκλεξάμενον
904 1161 956 1167 -
984 1137 1038 1189 μὴ
1070 1139 1243 1190 κλίμακα
1274 1139 1523 1191 στησάμενον
1556 1141 1740 1194 εἰσβῆναι
1771 1140 1924 1197 λάθρᾳ,
1957 1143 2007 1183 ut

291 1214 376 1243 uno
416 1205 468 1245 de
506 1206 661 1246 multis
691 1206 904 1256 defungar
935 1207 1154 1257 exemplis
1195 1207 1327 1248 huius
1358 1210 1620 1249 structurae.
1653 1209 1799 1250 Etiam
1831 1219 1895 1249 σοι
1925 1210 2003 1250 mi·

292 1281 376 1311 nus
407 1273 628 1322 probabile
659 1276 729 1313 est
759 1284 893 1323 quam
925 1270 961 1312 σ’
997 1272 1023 1326 ἢ
1055 1275 1415 1325 supplementum
1453 1287 1552 1316 cum
1586 1278 1763 1327 propter
1792 1275 1878 1317 loci
1907 1286 1987 1318 sen

290 1341 495 1391 tentiam,
528 1342 727 1391 sequitur
760 1343 879 1383 enim
915 1341 1109 1393 ἥμαρτον,
1140 1344 1235 1382 tum
1269 1343 1324 1383 ob
1355 1344 1927 1385 mutationis-facilitatem.

233 1407 299 1447 Fr.
334 1408 403 1447 27.
437 1409 612 1459 Optime
653 1410 870 1450 Headlam
913 1412 1045 1450 tuens
1086 1410 1308 1451 Eustathii
1349 1411 1586 1453 lectionem
1628 1411 1906 1465 ὑπερήφανοι,
1937 1422 2002 1453 vs.

293 1477 319 1516 3
353 1487 418 1525 sq.
451 1478 515 1517 sic
547 1478 799 1518 constituit:

648 1545 904 1597 ὑπερήφανοι
938 1541 1026 1598 (yth
1058 1542 1130 1596 μὲν
1161 1544 1236 1597 γὰρ
1269 1544 1427 1598 ἐξέστην
1460 1546 1572 1595 ἰδὼν)

647 1619 840 1664 κρατῆρες
871 1611 1058 1665 ἀργυροῖ,
1087 1613 1204 1653 κάδοι
1235 1614 1392 1664 μείζους
1424 1612 1533 1666 ἐμοῦ.

292 1680 365 1720 Vs.
403 1682 439 1730 1,
487 1681 693 1730 quidquid
739 1682 842 1721 dicit
889 1681 1029 1730 Kock,
1079 1682 1378 1722 necessarium
1426 1683 1567 1723 iudico
1614 1685 1809 1724 veterem
1855 1693 2003 1725 meam

291 1748 606 1788 correctionem
649 1746 700 1787 ἃν
732 1746 848 1799 (=a
879 1746 944 1794 ἂν)
987 1759 1063 1798 pro
1109 1746 1161 1787 ἃν
1205 1752 1275 1796 (=
1295 1747 1400 1800 ἕὰν),
1440 1760 1550 1799 quae
1581 1751 1716 1791 etiam
1750 1752 1876 1792 unice
1907 1761 2004 1792 con·

293 1816 413 1856 venit
433 1817 729 1857 emendationi
758 1817 1117 1858 Headlamianae.
1142 1817 1282 1858 Aliter
1298 1818 1375 1858 sed
1395 1818 1543 1859 minus
1559 1821 1677 1860 recte
1694 1819 1775 1860 hoc
1790 1819 2007 1870 fragmen·

293 1887 388 1924 tum
421 1886 630 1926 tractavit
661 1886 724 1926 Bl.
757 1896 797 1935 p.
832 1886 931 1926 246.

236 1953 303 1992 Fr.
338 1954 407 1992 31.
589 1951 942 2005 ἀποστρεφομένης
973 1951 1046 2004 τὴν
1078 1952 1325 2005 κορυφὴν
1351 1955 1479 2004 φιλεῖς
1511 1953 1633 2004 μόλις.

292 2021 413 2060 Licet
448 2019 682 2071 κεφαλὴν
725 2023 1024 2071 expectarem,
1059 2021 1169 2061 nihil
1201 2031 1366 2062 novare
1392 2022 1549 2062 ausim.
1583 2021 1751 2062 Saltem
1778 2022 1902 2063 locus
1918 2031 2005 2062 non

292 2091 361 2128 est
393 2088 610 2129 violentae
643 2089 865 2138 Blaydesii
898 2090 1174 2129 coniecturae
1206 2087 1562 2141 ἀποστρεφομένην
1592 2087 1664 2140 τὴν
1694 2087 1900 2142 Γλυκέραν
1929 2086 2005 2129 κτὲ.

293 2156 358 2195 Ad
414 2157 668 2205 genetivum
727 2157 945 2206 participii
1002 2157 1231 2197 commode
1278 2157 1507 2208 suppletur
1553 2155 1676 2208 αὐτῆς
1723 2159 1800 2198 aut
1845 2167 2005 2198 nomen

292 2224 507 2275 mulieris,
540 2225 592 2265 de
625 2235 710 2274 qua
739 2236 886 2266 sermo
919 2225 1003 2265 fuit
1034 2226 1076 2265 in
1110 2226 1397 2275 praegressis.

235 2323 492 2381 Hegesippi
524 2326 574 2366 fr.
613 2328 648 2377 1,
685 2327 723 2366 2.
758 2326 941 2366 Temere
972 2326 1037 2366 Bl.
1072 2328 1247 2376 propter
1279 2326 1498 2367 Athenaei
1531 2326 1665 2366 verba
1690 2325 1753 2365 IX
1784 2325 1924 2366 405D
1955 2324 2006 2365 σὺ

292 2386 367 2432 οὖν
407 2393 514 2445 δρῶν
556 2409 590 2432 τι
631 2394 783 2444 φαίνου
824 2392 966 2433 καινὸν
1009 2396 1155 2434 mutat
1196 2394 1412 2444 optimam
1446 2394 1656 2434 librorum
1689 2393 1923 2434 lectionem
1955 2390 2006 2444 δὴ

293 2462 336 2500 in
377 2455 451 2501 οὖν
485 2463 552 2503 vel
586 2468 673 2502 νῦν.
717 2463 803 2503 Nec
848 2473 910 2503 vs.
945 2464 970 2502 3
1014 2473 1113 2503 cum
1157 2463 1309 2503 eodem
1343 2462 1540 2512 praefero
1572 2457 1679 2501 κόπτ’
1714 2459 1781 2512 ἐμέ
1806 2462 2007 2512 receptae

291 2529 466 2569 lectioni
499 2529 615 2569 κόπτε
647 2545 712 2581 με,
742 2531 846 2579 quia
879 2531 1001 2570 nulla
1032 2533 1100 2570 est
1131 2531 1175 2570 in
1208 2530 1468 2580 pronomine
1500 2530 1739 2580 emphasis.
1763 2552 1812 2558 —
1833 2529 1907 2569 Vs.
1935 2529 2005 2570 25.

294 2597 426 2637 Recte
466 2598 705 2638 observans
746 2596 970 2649 ἒστήξετωι)
1012 2608 1110 2638 esse
1157 2597 1519 2647 antiquissimum
1567 2597 1698 2637 huius
1744 2596 2007 2637 hellenistici

293 2676 399 2704 usus
430 2667 682 2717 exemplum
716 2677 791 2716 pro
827 2665 995 2717 ἑστήξει,
1031 2666 1095 2706 Bl.
1129 2669 1280 2706 tamen
1313 2665 1534 2706 abstinere
1566 2675 1651 2705 non
1685 2665 1825 2714 potuit
1857 2675 1883 2704 a
1913 2673 2005 2714 pro·

293 2734 489 2782 ponendo
529 2732 709 2786 ἕστηκεν,
753 2734 867 2784 quod
910 2734 1051 2775 multo
1099 2734 1247 2774 minus
1294 2735 1446 2783 aptum
1488 2743 1587 2773 esse
1627 2743 1759 2782 quam
1807 2732 2007 2773 futurum

294 2802 429 2842 latere
475 2804 625 2852 nequit
671 2814 774 2842 eum
820 2803 893 2852 qui
942 2802 1088 2852 paullo
1135 2801 1391 2851 diligentius
1447 2801 1603 2851 legerit
1648 2811 1736 2841 vss.
1784 2810 2006 2850 praegres-

292 2882 365 2910 sos
399 2872 454 2910 20
485 2882 577 2920 sqq.
616 2894 665 2900 —
703 2871 774 2911 Vs.
809 2871 878 2911 29.
923 2871 1064 2911 'I'ueor
1108 2872 1304 2910 veterem
1347 2869 1617 2909 sententiam
1651 2873 1728 2907 τῶν
1760 2864 2007 2919 καθημένων

293 2938 345 2977 de
393 2939 498 2987 ipsis
544 2939 975 2989 spectatoribus
1031 2937 1375 2988 intellegendum
1424 2947 1522 2977 esse
1568 2939 1614 2976 et
1660 2934 1862 2976 inutilem
1909 2944 2008 2976 esse

294 3006 491 3045 Meinekii
532 3008 831 3048 coniecturam
863 3005 1133 3058 κεκλημένων,
1174 3006 1379 3055 quamvis
1423 3004 1595 3055 placeat
1637 3003 1885 3054 Blaydesio,
1928 3013 2009 3044 nec

294 3074 473 3122 probare
505 3085 686 3124 possum
719 3075 868 3115 Kockii
905 3074 1327 3125 interpretationem.

238 3141 302 3180 Fr.
338 3142 376 3190 2,
412 3144 450 3180 3.
485 3141 526 3181 τὸ
562 3164 612 3171 -
648 3142 813 3195 ζητητὸν
846 3153 922 3193 pro
957 3139 979 3181 ὃ
1014 3164 1067 3172 —
1100 3137 1294 3216 ζητοῦμΗν
1327 3143 1493 3182 temere
1526 3141 1589 3181 Bi.
1686 3106 1757 3211 ζ’]

235 3239 471 3295 sosipatri
506 3242 556 3282 fr.
597 3244 632 3292 l,
669 3244 706 3282 2.
740 3239 791 3281 ἂν
823 3242 1084 3298 κατανοήσῃς.
1119 3241 1182 3282 Bl.
1216 3239 1267 3280 ἂν
1299 3239 1492 3296 ἐννοήσῃς
1527 3239 1594 3281 vel
1626 3237 1678 3279 ἂν
1710 3218 1755 3279 εὖ
1782 3244 1913 3292 σκοπῇ
1938 3252 2007 3286 τις.
