2216 3522
1095 200 1177 239 185

315 323 424 373 Quid
469 323 553 362 sibi
594 323 703 363 velit
742 323 942 364 additum
982 320 1009 374 ἢ
1050 321 1186 374 θέσιν,
1218 325 1330 364 mihi
1362 326 1539 374 quidem
1582 328 1894 376 perobscurum
1935 330 2016 368 est.

314 390 431 431 Num
470 390 554 430 fuit
594 389 703 438 τάξιν
744 389 988 441 εὔθετον,
1019 391 1308 432 idoneam?
1351 392 1413 432 Cf.
1445 394 1606 434 Iacobii
1639 394 1776 434 Index
1805 405 1902 435 s.v.
1934 394 2019 435 Gur

313 457 618 510 περικομμάτων
663 458 793 498 malit
837 457 903 498 Bl.
945 458 1112 507 ignoro.
1149 481 1200 487 —
1235 459 1310 499 Vs.
1344 461 1414 500 20.
1456 457 1557 512 δεῦρ’
1604 459 1665 500 ἀεὶ
1705 461 1770 501 Bl.
1813 462 1894 501 Sed
1935 462 2018 501 hoc

312 534 468 575 graece
514 523 735 574 significat
775 525 1088 576 hucusque,
1131 526 1244 574 quod
1284 527 1356 566 hic
1397 537 1531 567 sensu
1572 530 1705 568 caret.
1749 529 1913 568 Sanum
1951 531 2018 568 est

315 589 419 645 δεῦρ’
454 591 547 644 ἅμα.

255 661 324 701 Fr.
366 661 407 712 4,
449 661 489 701 2.
536 661 797 711 Lucianum,
845 669 1031 710 pravum
1077 660 1237 700 sinceri
1283 661 1499 701 atticismi
1545 665 1787 714 auctorem,
1836 664 2017 703 verbum

311 731 609 781 καταχρῆσθαι,
638 727 827 768 utendi
867 737 1019 777 sensu,
1063 737 1164 767 cum
1202 728 1352 768 dativo
1390 730 1672 770 coniunxisse
1713 730 1822 770 nihil
1854 741 2015 771 moror.

328 795 635 837 coniecturam
667 805 814 836 meam
846 801 893 850 τῇ
919 797 1038 850 σχολῇ
1063 795 1221 836 merito
1248 797 1405 846 probat
1424 797 1495 842 ,Β1.
1523 797 1607 837 Sed
1632 799 1776 837 totum
1801 798 2015 847 fragmen-

314 866 412 904 tum
442 864 628 904 laborat.

370 931 446 971 Vs.
480 932 519 971 2.
551 927 638 981 τιν’,
669 931 708 970 si
738 940 900 969 sanum
932 931 1018 980 est,
1056 930 1170 970 miro
1202 930 1437 971 verborum
1468 932 1619 972 ordine
1649 932 1919 981 iungendum
1950 933 2019 971 est

311 1009 400 1039 non
441 1008 543 1038 cum
582 998 786 1048 proximo
827 996 1002 1047 πλάνον,
1040 997 1115 1036 sed
1159 1007 1260 1037 cum
1292 999 1597 1039 remotissimo
1628 999 1805 1039 nomine
1837 998 2017 1049 Κηφισό-

311 1065 460 1118 δωρον,
492 1075 646 1106 verum
681 1064 1003 1114 corruptissimi
1028 1066 1133 1104 sunt
1159 1075 1314 1105 versus
1346 1067 1373 1106 4
1405 1077 1491 1117 sq.,
1519 1067 1676 1116 quibus
1701 1077 1787 1106 non
1818 1067 2018 1106 medetur

310 1134 467 1174 Kockii
497 1134 771 1174 coniectura:

577 1205 719 1240 τοῦτον
749 1198 909 1251 ταχὺν
941 1197 1065 1238 ὄντα
1097 1198 1197 1251 πρὸς
1229 1199 1272 1239 τὸ
1305 1199 1423 1251 σιμὸν
1454 1199 1700 1254 ἀνατρέχειν,

578 1267 706 1319 ἥσυχα
738 1264 782 1306 δὲ
811 1265 1057 1306 κατιέναι
1082 1263 1155 1306 ’πὶ
1185 1257 1243 1322 τῇ
1279 1267 1555 1323 βακτηρίᾳ.

310 1336 363 1376 In
392 1336 535 1386 priore
565 1345 698 1375 versu
729 1344 935 1384 graecum
967 1334 1079 1374 foret
1110 1333 1302 1386 ταχέως
1333 1333 1424 1385 μὲν
1455 1331 1501 1385 ¹),
1535 1336 1611 1375 sed
1643 1336 1743 1384 quid
1768 1345 1845 1385 pro
1873 1335 2017 1374 verbis

311 1401 489 1442 κατιέναι
537 1401 600 1442 ἐπὶ
641 1408 687 1455 τῇ
718 1401 930 1453 βακτηρία,
970 1411 1080 1450 quae
1120 1401 1367 1451 significare
1407 1405 1630 1451 nequeunt
1674 1403 2017 1442 descendere

312 1470 512 1511 baculo
544 1470 909 1519 innitentem,
943 1470 1304 1511 substituendum
1336 1472 1395 1511 sit
1426 1470 1599 1510 difficile
1630 1471 1750 1510 dictu
1782 1472 1863 1510 est.
1906 1470 2018 1509 Nam

312 1539 430 1578 recte
475 1527 651 1586 quidem
697 1538 866 1577 dictum
907 1537 1020 1577 foret
1060 1536 1189 1589 ἥσυχα
1232 1535 1275 1577 δὲ
1314 1537 1510 1589 κατιέναι,
1549 1539 1588 1578 si
1620 1539 1869 1588 oppositum
1901 1538 2019 1577 esset

312 1603 458 1656 ταχέως
494 1602 566 1655 μὲν
599 1627 653 1633 —-
685 1602 923 1657 ἀνατρέχειν.
965 1604 1179 1645 Graecum
1220 1607 1288 1645 est
1322 1616 1399 1655 per
1429 1616 1477 1646 se
1508 1607 1755 1656 spectatum
1782 1605 1894 1654 quod
1925 1615 2017 1654 pro-

318 1673 442 1723 ponit
480 1673 545 1713 Bl.
577 1671 705 1724 ἥσυχα
736 1670 914 1711 καθέντα
945 1668 1053 1723 σχῆμ’
1090 1674 1168 1712 aut
1202 1670 1236 1724 ἢ
1277 1671 1531 1712 ἐπικαθεῖναι
1560 1678 1689 1724 σχῆμα
1721 1679 1767 1727 τῇ
1808 1671 2019 1725 βακτηρίᾳ,

314 1741 392 1781 sed
432 1750 519 1780 non
569 1741 656 1780 nisi
701 1739 847 1780 addito
894 1739 1077 1779 articulo
1117 1739 1396 1780 substantivo
1437 1745 1588 1791 σχῆμα,
1628 1741 1673 1779 et
1714 1740 1814 1788 quid
1856 1749 2016 1787 quaeso

314 1807 479 1848 talibus
509 1808 563 1847 ad
589 1807 735 1847 locum
766 1806 1076 1856 insanabilem,
1108 1807 1194 1846 nisi
1225 1807 1367 1855 fallor,
1400 1808 1741 1857 intellegendum
1766 1805 2018 1856 proficitur?

314 1876 492 1916 Manum
521 1875 741 1915 abstinere
764 1874 896 1914 fuerit
922 1874 1075 1914 satius,
1102 1875 1188 1914 Fac
1213 1876 1363 1914 autem
1388 1875 1526 1915 latere
1551 1875 1819 1914 sententiam
1845 1873 2017 1922 qualem

315 1943 585 1993 excogitavit
613 1942 755 1992 Kock,
787 1940 1032 1993 ταχυπειθής
1063 1942 1123 1981 sit
1153 1952 1332 1981 necesse
1365 1944 1451 1992 est,
1485 1943 1555 1982 cui
1585 1952 1637 1981 ea
1667 1939 1923 1980 satisfaciat.

255 2011 324 2051 Fr.
358 2012 399 2060 5,
433 2011 473 2051 2.
513 2010 596 2050 Pro
635 2010 755 2062 γύναι
785 2010 927 2050 multo
956 2009 1224 2059 probabilius
1254 2010 1449 2050 Meineke
1479 2011 1641 2049 κοτύλαι
1671 2009 1854 2049 coniecit
1885 2018 2016 2057 quam

314 2077 436 2118 Kock
476 2077 645 2129 κύμβαι,
685 2078 799 2126 quod
836 2077 912 2116 vix
942 2077 1062 2116 dedit
1090 2078 1220 2126 poeta
1250 2079 1425 2127 propter
1457 2088 1645 2127 sequens
1682 2076 1852 2128 κυμβίον
1884 2079 2014 2122 (nunc

317 2145 442 2185 video
483 2146 629 2194 ipsum
670 2145 904 2193 agnovisse
936 2153 1127 2183 errorem
1157 2144 1221 2182 III
1251 2155 1291 2193 p.
1326 2146 1445 2194 745),
1479 2155 1558 2184 nec
1587 2144 1704 2183 male
1735 2143 1799 2183 Bl.
1833 2143 2017 2183 coniecit

316 2213 489 2261 κύλικες,
517 2212 593 2251 sed
627 2210 736 2251 nihil
768 2211 876 2250 certi
906 2213 1130 2259 repertum
1162 2212 1244 2251 est.

257 2278 328 2318 Fr.
362 2279 430 2329 10,
462 2279 503 2318 5.
550 2278 815 2327 Recipienda
854 2277 998 2317 fuerat
1037 2278 1276 2327 Hirschigii
1319 2280 1438 2318 certa
1469 2278 1721 2318 emendatio
1753 2276 1872 2323 αὐτὸς
1904 2276 2020 2315 πενό-

317 2359 434 2396 μενος
465 2354 521 2384 ex
552 2345 663 2384 Men.
704 2345 889 2385 Monost.
922 2345 993 2385 43.
1025 2345 1175 2384 Nauck
1217 2345 1290 2385 cft.
1323 2346 1596 2385 Bachmanni
1627 2346 1788 2385 Anecd.
1817 2345 1836 2383 I
1862 2355 1902 2394 p.
1935 2345 2016 2384 153

318 2414 364 2452 et
393 2414 504 2461 trag.
536 2412 587 2453 fr.
619 2422 661 2462 p.
694 2413 793 2452 795.

260 2543 429 2600 Eriphi
460 2545 512 2585 fr.
550 2546 587 2596 1,
621 2546 661 2585 2.
692 2546 775 2585 Pro
816 2543 991 2597 λέγουσι,
1023 2546 1136 2594 quod
1172 2556 1332 2585 sanum
1365 2547 1450 2596 est,
1484 2546 1550 2586 Bl.
1582 2545 1757 2595 φατίζων
1790 2546 1918 2594 (quod
1949 2548 2018 2586 est

317 2613 600 2662 tragicorum)
640 2614 718 2653 aut
746 2611 870 2666 λέγων
899 2627 956 2660 τις
988 2614 1258 2663 (pronomine
1289 2612 1514 2654 indefinito
1547 2613 1689 2653 alieno
1721 2613 1814 2653 loco
1846 2613 2017 2662 posito).

260 2680 329 2720 Fr.
362 2681 402 2730 2,
437 2680 478 2720 8.
524 2679 810 2720 Conferebam
857 2682 960 2720 ante
1006 2681 1071 2721 Bl.
1112 2680 1224 2721 Plat.
1266 2681 1454 2729 Euthyd.
1488 2681 1625 2720 204ss
1668 2679 1710 2719 τὸ
1741 2679 1815 2732 γὰρ
1847 2680 2019 2719 σπάνιον

318 2746 468 2797 τίμιον,
497 2748 568 2787 hic
599 2748 707 2789 Ran.
737 2749 821 2789 783
858 2745 992 2800 ὀλίγον
1017 2746 1059 2787 τὸ
1085 2747 1254 2799 χρηστόν
1281 2746 1385 2787 ἐστιν
1417 2747 1546 2799 ὥσπερ
1579 2746 1737 2786 ἐνθάδε.
1771 2769 1821 2775 —
1854 2747 1928 2787 VS.
1950 2749 2016 2787 13.

318 2814 577 2854 Admirabili
622 2816 863 2865 sagacitate
910 2816 957 2855 Ο.
984 2815 1164 2855 Crusius
1215 2816 1410 2855 restituit
1457 2817 1618 2867 Βεργαῐε
1659 2814 1906 2865 πολυτίμητε.
1955 2815 2017 2855 Cf.

319 2881 439 2921 Kock
474 2882 537 2921 111
567 2893 607 2931 p.
641 2883 740 2933 745,
787 2883 862 2932 qui
907 2883 1073 2922 frustra
1118 2883 1270 2922 haeret
1316 2883 1359 2922 in
1400 2882 1648 2934 πολυτίμητε.
1700 2883 1913 2932 „Nomen,
1957 2883 2020 2922 ait

319 2947 515 2999 Crusius‚
549 2950 771 2990 excitabat
794 2950 1055 2990 memoriam
1082 2950 1298 2990 clarorum
1325 2951 1555 2990 numinum
1583 2949 1792 3002 Περγαίων
1809 2949 2019 2990 Adonidis

309 3165 332 3206 ¹)
354 3167 448 3199 Kock
470 3167 525 3199 111
546 3176 580 3208 p.
605 3168 670 3200 ‘244
693 3168 881 3208 respondet
903 3177 941 3199 se
963 3166 1115 3199 voluisse
1139 3176 1233 3199 oum
1258 3169 1381 3199 homo
1404 3169 1532 3200 velox
1556 3168 1617 3199 sit
1633 3192 1640 3205 ,
1662 3171 1697 3199 nt
1723 3170 1771 3200 it·
1794 3167 1878 3199 nihil
1904 3169 2019 3199 hercle

264 3218 461 3253 mirandum
485 3229 565 3253 oum
588 3220 763 3262 διατρᾶχοιν
786 3220 864 3263 πρὸς
885 3220 921 3251 τὸ
946 3220 1061 3259 σιμόν]
