<?xml version="1.0" encoding="UTF-8"?>
<!DOCTYPE html PUBLIC "-//W3C//DTD XHTML 1.0 Transitional//EN"
    "http://www.w3.org/TR/xhtml1/DTD/xhtml1-transitional.dtd">
<html xmlns="http://www.w3.org/1999/xhtml" xml:lang="en" lang="en">
 <head>
  <title>
</title>
<meta http-equiv="Content-Type" content="text/html;charset=utf-8" />
  <meta name='ocr-system' content='tesseract 3.04.00' />
  <meta name='ocr-capabilities' content='ocr_page ocr_carea ocr_par ocr_line ocrx_word'/>
</head>
<body>
  <div class='ocr_page' id='page_1' title='image "./collectaneacriti00herwuoft_0122.png"; bbox 0 0 2216 3522; ppageno 0'>
   <div class='ocr_carea' id='block_1_1' title="bbox 1093 215 1174 254">
    <p class='ocr_par' dir='ltr' id='par_1_1' title="bbox 1093 215 1174 254">
     <span class='ocr_line' id='line_1_1' title="bbox 1093 215 1174 254; baseline 0 0"><span class='ocrx_word' id='word_1_1' title='bbox 1093 215 1174 254; x_wconf 91' lang='lat'><strong>108</strong></span> 
     </span>
    </p>
   </div>
   <div class='ocr_carea' id='block_1_2' title="bbox 252 336 2015 797">
    <p class='ocr_par' dir='ltr' id='par_1_2' title="bbox 252 336 2012 451">
     <span class='ocr_line' id='line_1_2' title="bbox 252 336 2012 392; baseline -0.003 -9"><span class='ocrx_word' id='word_1_2' title='bbox 252 343 319 383; x_wconf 89' lang='lat' dir='ltr'><strong>Fr.</strong></span> <span class='ocrx_word' id='word_1_3' title='bbox 352 344 392 383; x_wconf 89' lang='lat'><strong>3.</strong></span> <span class='ocrx_word' id='word_1_4' title='bbox 439 345 605 381; x_wconf 75' lang='grc' dir='ltr'><strong><em>κελεκᾱν</em></strong></span> <span class='ocrx_word' id='word_1_5' title='bbox 645 351 778 381; x_wconf 91' lang='lat' dir='ltr'><strong>sensu</strong></span> <span class='ocrx_word' id='word_1_6' title='bbox 819 340 1272 392; x_wconf 65' lang='lat' dir='ltr'><strong>obscoeno=fiwetv‚</strong></span> <span class='ocrx_word' id='word_1_7' title='bbox 1317 342 1366 379; x_wconf 90' lang='lat' dir='ltr'><strong>ut</strong></span> <span class='ocrx_word' id='word_1_8' title='bbox 1407 338 1683 380; x_wconf 80' lang='lat' dir='ltr'><strong>afhakken</strong></span> <span class='ocrx_word' id='word_1_9' title='bbox 1725 338 1832 378; x_wconf 88' lang='lat' dir='ltr'><strong>dicit</strong></span> <span class='ocrx_word' id='word_1_10' title='bbox 1871 336 2012 388; x_wconf 85' lang='lat' dir='ltr'><strong>plebe·</strong></span> 
     </span>
     <span class='ocr_line' id='line_1_3' title="bbox 312 410 603 451; baseline -0.003 -1"><span class='ocrx_word' id='word_1_11' title='bbox 312 410 411 451; x_wconf 89' lang='lat' dir='ltr'><strong>cula</strong></span> <span class='ocrx_word' id='word_1_12' title='bbox 439 412 603 450; x_wconf 86' lang='lat' dir='ltr'><strong>nostra.</strong></span> 
     </span>
    </p>

    <p class='ocr_par' dir='ltr' id='par_1_3' title="bbox 254 471 2015 730">
     <span class='ocr_line' id='line_1_4' title="bbox 254 471 2013 529; baseline -0.003 -11"><span class='ocrx_word' id='word_1_13' title='bbox 254 478 320 518; x_wconf 90' lang='lat' dir='ltr'><strong>Fr.</strong></span> <span class='ocrx_word' id='word_1_14' title='bbox 354 478 394 527; x_wconf 91' lang='lat'><strong>8,</strong></span> <span class='ocrx_word' id='word_1_15' title='bbox 443 480 478 519; x_wconf 92' lang='lat'><strong>1.</strong></span> <span class='ocrx_word' id='word_1_16' title='bbox 527 477 802 529; x_wconf 75' lang='grc' dir='ltr'><strong><em>νωγαλίσματα</em></strong></span> <span class='ocrx_word' id='word_1_17' title='bbox 848 478 1023 527; x_wconf 90' lang='lat' dir='ltr'><strong>propter</strong></span> <span class='ocrx_word' id='word_1_18' title='bbox 1069 475 1252 516; x_wconf 88' lang='lat' dir='ltr'><strong>verbum</strong></span> <span class='ocrx_word' id='word_1_19' title='bbox 1301 475 1529 527; x_wconf 70' lang='grc' dir='ltr'><strong><em>νωγαλίζειν</em></strong></span> <span class='ocrx_word' id='word_1_20' title='bbox 1576 473 1758 522; x_wconf 82' lang='lat' dir='ltr'><strong>requirit</strong></span> <span class='ocrx_word' id='word_1_21' title='bbox 1803 472 1887 522; x_wconf 93' lang='lat' dir='ltr'><strong>Bl.,</strong></span> <span class='ocrx_word' id='word_1_22' title='bbox 1935 471 2013 512; x_wconf 87' lang='lat' dir='ltr'><strong>sed</strong></span> 
     </span>
     <span class='ocr_line' id='line_1_5' title="bbox 312 540 2014 596; baseline -0.002 -13"><span class='ocrx_word' id='word_1_23' title='bbox 312 546 548 596; x_wconf 75' lang='grc' dir='ltr'><strong><em>νωγαλεύειν</em></strong></span> <span class='ocrx_word' id='word_1_24' title='bbox 575 546 818 594; x_wconf 86' lang='lat' dir='ltr'><strong>agnoscunt</strong></span> <span class='ocrx_word' id='word_1_25' title='bbox 845 546 995 584; x_wconf 88' lang='lat' dir='ltr'><strong>vetera</strong></span> <span class='ocrx_word' id='word_1_26' title='bbox 1020 543 1182 593; x_wconf 86' lang='lat' dir='ltr'><strong>lexica,</strong></span> <span class='ocrx_word' id='word_1_27' title='bbox 1217 545 1261 583; x_wconf 90' lang='lat' dir='ltr'><strong>et</strong></span> <span class='ocrx_word' id='word_1_28' title='bbox 1288 544 1415 583; x_wconf 88' lang='lat' dir='ltr'><strong>iuxta</strong></span> <span class='ocrx_word' id='word_1_29' title='bbox 1435 541 1711 594; x_wconf 81' lang='grc' dir='ltr'><strong><em>νωγαλίσματα</em></strong></span> <span class='ocrx_word' id='word_1_30' title='bbox 1737 540 1870 580; x_wconf 86' lang='lat' dir='ltr'><strong>habet</strong></span> <span class='ocrx_word' id='word_1_31' title='bbox 1885 554 2014 592; x_wconf 76' lang='grc' dir='ltr'><strong><em>νωγα-</em></strong></span> 
     </span>
     <span class='ocr_line' id='line_1_6' title="bbox 310 605 2015 662; baseline -0.002 -11"><span class='ocrx_word' id='word_1_32' title='bbox 310 613 481 662; x_wconf 78' lang='grc' dir='ltr'><strong><em>λεύματα</em></strong></span> <span class='ocrx_word' id='word_1_33' title='bbox 509 612 756 661; x_wconf 82' lang='lat' dir='ltr'><strong>Hesychius</strong></span> <span class='ocrx_word' id='word_1_34' title='bbox 787 622 822 651; x_wconf 92' lang='lat' dir='ltr'><strong>s.</strong></span> <span class='ocrx_word' id='word_1_35' title='bbox 841 622 882 651; x_wconf 86' lang='lat' dir='ltr'><strong>v.</strong></span> <span class='ocrx_word' id='word_1_36' title='bbox 918 611 1039 651; x_wconf 83' lang='lat' dir='ltr'>Idem</span> <span class='ocrx_word' id='word_1_37' title='bbox 1072 621 1136 652; x_wconf 90' lang='lat' dir='ltr'><strong>vs.</strong></span> <span class='ocrx_word' id='word_1_38' title='bbox 1157 611 1182 650; x_wconf 90' lang='lat'><strong>3</strong></span> <span class='ocrx_word' id='word_1_39' title='bbox 1209 610 1403 661; x_wconf 85' lang='lat' dir='ltr'><strong>postulat</strong></span> <span class='ocrx_word' id='word_1_40' title='bbox 1430 608 1675 660; x_wconf 77' lang='grc' dir='ltr'><strong><em>εἰσήλλοντο,</em></strong></span> <span class='ocrx_word' id='word_1_41' title='bbox 1700 608 1779 648; x_wconf 90' lang='lat' dir='ltr'><strong>sed</strong></span> <span class='ocrx_word' id='word_1_42' title='bbox 1806 605 2015 658; x_wconf 73' lang='grc' dir='ltr'><strong><em>ἐξήλλοντο</em></strong></span> 
     </span>
     <span class='ocr_line' id='line_1_7' title="bbox 311 680 810 730; baseline 0 -11"><span class='ocrx_word' id='word_1_43' title='bbox 311 689 335 720; x_wconf 90' lang='lat' dir='ltr'><strong>e</strong></span> <span class='ocrx_word' id='word_1_44' title='bbox 367 681 496 730; x_wconf 88' lang='lat' dir='ltr'><strong>mari,</strong></span> <span class='ocrx_word' id='word_1_45' title='bbox 530 683 579 719; x_wconf 89' lang='lat' dir='ltr'><strong>ut</strong></span> <span class='ocrx_word' id='word_1_46' title='bbox 609 680 810 720; x_wconf 73' lang='lat' dir='ltr'><strong>arbitror.</strong></span> 
     </span>
    </p>

    <p class='ocr_par' dir='ltr' id='par_1_4' title="bbox 254 744 1260 797">
     <span class='ocr_line' id='line_1_8' title="bbox 254 744 1260 797; baseline -0.001 -11"><span class='ocrx_word' id='word_1_47' title='bbox 254 748 320 787; x_wconf 87' lang='lat' dir='ltr'><strong>Fr.</strong></span> <span class='ocrx_word' id='word_1_48' title='bbox 359 749 424 796; x_wconf 87' lang='lat'><strong>13,</strong></span> <span class='ocrx_word' id='word_1_49' title='bbox 459 749 498 787; x_wconf 86' lang='lat'><strong>2.</strong></span> <span class='ocrx_word' id='word_1_50' title='bbox 531 747 640 788; x_wconf 90' lang='lat' dir='ltr'><strong>Cum</strong></span> <span class='ocrx_word' id='word_1_51' title='bbox 674 748 826 788; x_wconf 90' lang='lat' dir='ltr'><strong>eodem</strong></span> <span class='ocrx_word' id='word_1_52' title='bbox 859 747 1040 797; x_wconf 83' lang='lat' dir='ltr'><strong>legerim</strong></span> <span class='ocrx_word' id='word_1_53' title='bbox 1073 744 1260 797; x_wconf 82' lang='grc' dir='ltr'><strong><em>ἀνήλατο.</em></strong></span> 
     </span>
    </p>
   </div>
   <div class='ocr_carea' id='block_1_3' title="bbox 252 866 2035 3298">
    <p class='ocr_par' dir='ltr' id='par_1_5' title="bbox 255 866 2016 990">
     <span class='ocr_line' id='line_1_9' title="bbox 255 866 2016 921; baseline -0.003 -8"><span class='ocrx_word' id='word_1_54' title='bbox 255 870 513 915; x_wconf 77' lang='lat' dir='ltr'><strong>Nicostrati</strong></span> <span class='ocrx_word' id='word_1_55' title='bbox 554 872 606 912; x_wconf 86' lang='lat' dir='ltr'><strong>fr.</strong></span> <span class='ocrx_word' id='word_1_56' title='bbox 649 874 684 911; x_wconf 94' lang='grc'><strong>1.</strong></span> <span class='ocrx_word' id='word_1_57' title='bbox 734 872 828 912; x_wconf 91' lang='lat' dir='ltr'><strong>Non</strong></span> <span class='ocrx_word' id='word_1_58' title='bbox 875 871 1098 912; x_wconf 81' lang='lat' dir='ltr'>intellexit</span> <span class='ocrx_word' id='word_1_59' title='bbox 1143 871 1279 911; x_wconf 88' lang='lat' dir='ltr'><strong>Kock.</strong></span> <span class='ocrx_word' id='word_1_60' title='bbox 1327 872 1442 920; x_wconf 88' lang='lat' dir='ltr'>Lege</span> <span class='ocrx_word' id='word_1_61' title='bbox 1487 870 1608 918; x_wconf 81' lang='grc' dir='ltr'><strong><em>πίναξ</em></strong></span> <span class='ocrx_word' id='word_1_62' title='bbox 1655 866 1699 909; x_wconf 81' lang='grc' dir='ltr'><strong>δὲ</strong></span> <span class='ocrx_word' id='word_1_63' title='bbox 1738 873 1892 921; x_wconf 78' lang='grc' dir='ltr'><strong><em>πρῶτος</em></strong></span> <span class='ocrx_word' id='word_1_64' title='bbox 1935 873 2016 909; x_wconf 78' lang='grc' dir='ltr'><strong>τῶν</strong></span> 
     </span>
     <span class='ocr_line' id='line_1_10' title="bbox 311 937 1870 990; baseline 0.001 -14"><span class='ocrx_word' id='word_1_65' title='bbox 311 938 488 990; x_wconf 80' lang='grc' dir='ltr'><strong><em>μεγάλων</em></strong></span> <span class='ocrx_word' id='word_1_66' title='bbox 522 940 628 984; x_wconf 81' lang='lat' dir='ltr'><strong>(scil.</strong></span> <span class='ocrx_word' id='word_1_67' title='bbox 661 939 869 986; x_wconf 77' lang='grc' dir='ltr'>πινάκων).</span> <span class='ocrx_word' id='word_1_68' title='bbox 902 938 964 979; x_wconf 85' lang='lat' dir='ltr'><strong>Cf.</strong></span> <span class='ocrx_word' id='word_1_69' title='bbox 998 939 1159 988; x_wconf 81' lang='lat' dir='ltr'>Lyncei</span> <span class='ocrx_word' id='word_1_70' title='bbox 1191 939 1242 978; x_wconf 83' lang='lat' dir='ltr'><strong>fr.</strong></span> <span class='ocrx_word' id='word_1_71' title='bbox 1275 938 1335 978; x_wconf 90' lang='lat' dir='ltr'><strong>IV</strong></span> <span class='ocrx_word' id='word_1_72' title='bbox 1365 939 1452 978; x_wconf 82' lang='lat'><strong>433</strong></span> <span class='ocrx_word' id='word_1_73' title='bbox 1470 938 1523 978; x_wconf 82' lang='grc' dir='ltr'><strong>Μ.</strong></span> <span class='ocrx_word' id='word_1_74' title='bbox 1558 937 1672 978; x_wconf 85' lang='lat' dir='ltr'>Olim</span> <span class='ocrx_word' id='word_1_75' title='bbox 1704 937 1870 977; x_wconf 81' lang='lat' dir='ltr'><strong>monui.</strong></span> 
     </span>
    </p>

    <p class='ocr_par' dir='ltr' id='par_1_6' title="bbox 254 1003 2017 1329">
     <span class='ocr_line' id='line_1_11' title="bbox 254 1003 2015 1058; baseline -0.001 -12"><span class='ocrx_word' id='word_1_76' title='bbox 254 1007 320 1046; x_wconf 86' lang='lat' dir='ltr'><strong>Fr.</strong></span> <span class='ocrx_word' id='word_1_77' title='bbox 353 1010 393 1055; x_wconf 85' lang='lat'><strong>4,</strong></span> <span class='ocrx_word' id='word_1_78' title='bbox 427 1009 467 1046; x_wconf 87' lang='lat'><strong>4.</strong></span> <span class='ocrx_word' id='word_1_79' title='bbox 510 1007 622 1046; x_wconf 83' lang='lat' dir='ltr'><strong>Nihil</strong></span> <span class='ocrx_word' id='word_1_80' title='bbox 658 1007 710 1046; x_wconf 83' lang='lat' dir='ltr'><strong>ad</strong></span> <span class='ocrx_word' id='word_1_81' title='bbox 743 1016 837 1047; x_wconf 81' lang='lat' dir='ltr'><strong>rem</strong></span> <span class='ocrx_word' id='word_1_82' title='bbox 869 1003 894 1057; x_wconf 84' lang='grc' dir='ltr'>ἡ</span> <span class='ocrx_word' id='word_1_83' title='bbox 926 1012 996 1046; x_wconf 84' lang='grc' dir='ltr'><strong>τοῦ</strong></span> <span class='ocrx_word' id='word_1_84' title='bbox 1027 1006 1300 1058; x_wconf 77' lang='grc' dir='ltr'><strong><em>ταριχοπώλου</em></strong></span> <span class='ocrx_word' id='word_1_85' title='bbox 1331 1006 1630 1058; x_wconf 80' lang='grc' dir='ltr'><strong>καλοκαγαθία,</strong></span> <span class='ocrx_word' id='word_1_86' title='bbox 1669 1005 1782 1055; x_wconf 89' lang='lat' dir='ltr'><strong>quod</strong></span> <span class='ocrx_word' id='word_1_87' title='bbox 1814 1005 2015 1045; x_wconf 77' lang='lat' dir='ltr'><strong>sentiens</strong></span> 
     </span>
     <span class='ocr_line' id='line_1_12' title="bbox 311 1072 2014 1128; baseline -0.001 -15"><span class='ocrx_word' id='word_1_88' title='bbox 311 1075 373 1113; x_wconf 91' lang='lat' dir='ltr'><strong>Bl.</strong></span> <span class='ocrx_word' id='word_1_89' title='bbox 406 1076 570 1123; x_wconf 90' lang='lat' dir='ltr'><strong>optime</strong></span> <span class='ocrx_word' id='word_1_90' title='bbox 603 1075 780 1124; x_wconf 83' lang='lat' dir='ltr'><strong>corrigit</strong></span> <span class='ocrx_word' id='word_1_91' title='bbox 810 1074 933 1114; x_wconf 77' lang='grc' dir='ltr'><strong><em>καλόν</em></strong></span> <span class='ocrx_word' id='word_1_92' title='bbox 965 1089 1003 1114; x_wconf 87' lang='grc' dir='ltr'><strong>τε</strong></span> <span class='ocrx_word' id='word_1_93' title='bbox 1033 1073 1220 1128; x_wconf 74' lang='grc' dir='ltr'><strong><em>κάγαθὸν</em></strong></span> <span class='ocrx_word' id='word_1_94' title='bbox 1262 1075 1632 1123; x_wconf 81' lang='lat' dir='ltr'>(salsamentum),</span> <span class='ocrx_word' id='word_1_95' title='bbox 1666 1073 1764 1114; x_wconf 89' lang='lat' dir='ltr'><strong>coll.</strong></span> <span class='ocrx_word' id='word_1_96' title='bbox 1797 1073 1870 1113; x_wconf 86' lang='lat' dir='ltr'><strong>Ar.</strong></span> <span class='ocrx_word' id='word_1_97' title='bbox 1903 1072 2014 1113; x_wconf 84' lang='lat' dir='ltr'><strong>Rau.</strong></span> 
     </span>
     <span class='ocr_line' id='line_1_13' title="bbox 316 1137 2017 1194; baseline -0.001 -13"><span class='ocrx_word' id='word_1_98' title='bbox 316 1142 441 1191; x_wconf 84' lang='lat'><strong>1236,</strong></span> <span class='ocrx_word' id='word_1_99' title='bbox 474 1152 554 1182; x_wconf 92' lang='lat' dir='ltr'><strong>nec</strong></span> <span class='ocrx_word' id='word_1_100' title='bbox 585 1142 730 1192; x_wconf 91' lang='lat' dir='ltr'><strong>inepte</strong></span> <span class='ocrx_word' id='word_1_101' title='bbox 767 1141 883 1182; x_wconf 89' lang='lat' dir='ltr'><strong>idem</strong></span> <span class='ocrx_word' id='word_1_102' title='bbox 915 1153 978 1182; x_wconf 86' lang='lat' dir='ltr'><strong>vs.</strong></span> <span class='ocrx_word' id='word_1_103' title='bbox 1013 1144 1039 1182; x_wconf 88' lang='grc'>6</span> <span class='ocrx_word' id='word_1_104' title='bbox 1072 1153 1164 1192; x_wconf 86' lang='lat' dir='ltr'><strong>sqq.</strong></span> <span class='ocrx_word' id='word_1_105' title='bbox 1197 1143 1343 1182; x_wconf 89' lang='lat' dir='ltr'><strong>tentat</strong></span> <span class='ocrx_word' id='word_1_106' title='bbox 1375 1141 1645 1194; x_wconf 81' lang='grc' dir='ltr'><strong><em>καταφάγοιεν</em></strong></span> <span class='ocrx_word' id='word_1_107' title='bbox 1676 1137 1836 1192; x_wconf 70' lang='grc' dir='ltr'><strong>ἡμερῶν</strong></span> <span class='ocrx_word' id='word_1_108' title='bbox 1863 1141 1871 1191; x_wconf 81' lang='grc'><strong>1</strong></span> <span class='ocrx_word' id='word_1_109' title='bbox 1897 1144 2017 1192; x_wconf 72' lang='grc' dir='ltr'><strong><em>τριῶν</em></strong></span> 
     </span>
     <span class='ocr_line' id='line_1_14' title="bbox 310 1207 2017 1262; baseline 0 -14"><span class='ocrx_word' id='word_1_110' title='bbox 310 1207 360 1247; x_wconf 80' lang='grc' dir='ltr'><strong>ἂν</strong></span> <span class='ocrx_word' id='word_1_111' title='bbox 392 1207 592 1257; x_wconf 73' lang='grc' dir='ltr'><strong><em>ἐσθίοντες</em></strong></span> <span class='ocrx_word' id='word_1_112' title='bbox 623 1207 766 1261; x_wconf 78' lang='grc' dir='ltr'><strong>ἄνδρες</strong></span> <span class='ocrx_word' id='word_1_113' title='bbox 797 1209 972 1260; x_wconf 80' lang='grc' dir='ltr'><strong>δώδεκα,</strong></span> <span class='ocrx_word' id='word_1_114' title='bbox 1002 1210 1079 1250; x_wconf 89' lang='lat' dir='ltr'><strong>sed</strong></span> <span class='ocrx_word' id='word_1_115' title='bbox 1112 1210 1256 1251; x_wconf 90' lang='lat' dir='ltr'><strong>lenius</strong></span> <span class='ocrx_word' id='word_1_116' title='bbox 1283 1209 1612 1260; x_wconf 87' lang='lat' dir='ltr'><strong>corrigendum:</strong></span> <span class='ocrx_word' id='word_1_117' title='bbox 1634 1208 1935 1262; x_wconf 69' lang='grc' dir='ltr'><strong><em>καταφάγοιμεν</em></strong></span> <span class='ocrx_word' id='word_1_118' title='bbox 1951 1208 2017 1255; x_wconf 91' lang='lat' dir='ltr'><strong>(ut</strong></span> 
     </span>
     <span class='ocr_line' id='line_1_15' title="bbox 310 1274 1913 1329; baseline -0.001 -12"><span class='ocrx_word' id='word_1_119' title='bbox 310 1278 512 1324; x_wconf 83' lang='lat' dir='ltr'><strong>traditur)</strong></span> <span class='ocrx_word' id='word_1_120' title='bbox 542 1274 700 1329; x_wconf 82' lang='grc' dir='ltr'><strong>ἡμερῶν</strong></span> <span class='ocrx_word' id='word_1_121' title='bbox 729 1276 735 1328; x_wconf 92' lang='grc' dir='ltr'>Ι</span> <span class='ocrx_word' id='word_1_122' title='bbox 763 1283 883 1328; x_wconf 81' lang='grc' dir='ltr'><strong><em>τριῶν</em></strong></span> <span class='ocrx_word' id='word_1_123' title='bbox 911 1275 961 1316; x_wconf 74' lang='grc' dir='ltr'><strong>ἂν</strong></span> <span class='ocrx_word' id='word_1_124' title='bbox 989 1276 1192 1325; x_wconf 76' lang='grc' dir='ltr'><strong><em>ἐσθίοντες</em></strong></span> <span class='ocrx_word' id='word_1_125' title='bbox 1226 1275 1369 1325; x_wconf 82' lang='grc' dir='ltr'><strong><em>(ὄντες</em></strong></span> <span class='ocrx_word' id='word_1_126' title='bbox 1397 1287 1497 1318; x_wconf 88' lang='lat' dir='ltr'><strong>cum</strong></span> <span class='ocrx_word' id='word_1_127' title='bbox 1525 1275 1724 1317; x_wconf 81' lang='lat' dir='ltr'><strong>Cobet0&gt;</strong></span> <span class='ocrx_word' id='word_1_128' title='bbox 1746 1275 1913 1316; x_wconf 73' lang='grc' dir='ltr'><strong>δώδεκα.</strong></span> 
     </span>
    </p>

    <p class='ocr_par' dir='ltr' id='par_1_7' title="bbox 253 1345 1369 1397">
     <span class='ocr_line' id='line_1_16' title="bbox 253 1345 1369 1397; baseline 0.002 -13"><span class='ocrx_word' id='word_1_129' title='bbox 253 1346 319 1385; x_wconf 84' lang='lat' dir='ltr'><strong>Fr.</strong></span> <span class='ocrx_word' id='word_1_130' title='bbox 353 1347 392 1394; x_wconf 87' lang='lat'><strong>6,</strong></span> <span class='ocrx_word' id='word_1_131' title='bbox 427 1347 467 1385; x_wconf 88' lang='grc'><strong>6.</strong></span> <span class='ocrx_word' id='word_1_132' title='bbox 499 1345 633 1397; x_wconf 80' lang='grc' dir='ltr'><strong>χάριεν</strong></span> <span class='ocrx_word' id='word_1_133' title='bbox 662 1345 750 1397; x_wconf 78' lang='grc' dir='ltr'><strong>γάρ.</strong></span> <span class='ocrx_word' id='word_1_134' title='bbox 782 1345 846 1385; x_wconf 85' lang='lat' dir='ltr'><strong>Bi.</strong></span> <span class='ocrx_word' id='word_1_135' title='bbox 880 1345 954 1385; x_wconf 83' lang='lat' dir='ltr'><strong>eft.</strong></span> <span class='ocrx_word' id='word_1_136' title='bbox 987 1347 1061 1386; x_wconf 87' lang='lat' dir='ltr'><strong>Ar.</strong></span> <span class='ocrx_word' id='word_1_137' title='bbox 1095 1345 1204 1386; x_wconf 82' lang='lat' dir='ltr'><strong>Rau.</strong></span> <span class='ocrx_word' id='word_1_138' title='bbox 1242 1346 1369 1386; x_wconf 84' lang='lat'><strong>1491.</strong></span> 
     </span>
    </p>

    <p class='ocr_par' dir='ltr' id='par_1_8' title="bbox 253 1413 1641 1464">
     <span class='ocr_line' id='line_1_17' title="bbox 253 1413 1641 1464; baseline 0 -12"><span class='ocrx_word' id='word_1_139' title='bbox 253 1413 320 1453; x_wconf 89' lang='lat' dir='ltr'><strong>Fr.</strong></span> <span class='ocrx_word' id='word_1_140' title='bbox 353 1413 392 1462; x_wconf 90' lang='lat'><strong>8,</strong></span> <span class='ocrx_word' id='word_1_141' title='bbox 427 1414 467 1453; x_wconf 88' lang='lat'><strong>3.</strong></span> <span class='ocrx_word' id='word_1_142' title='bbox 500 1414 598 1453; x_wconf 88' lang='lat' dir='ltr'><strong>Iure</strong></span> <span class='ocrx_word' id='word_1_143' title='bbox 629 1419 769 1453; x_wconf 85' lang='grc' dir='ltr'><strong><em>τοῦτον</em></strong></span> <span class='ocrx_word' id='word_1_144' title='bbox 801 1415 950 1454; x_wconf 91' lang='lat' dir='ltr'><strong>tuetur</strong></span> <span class='ocrx_word' id='word_1_145' title='bbox 979 1414 1119 1464; x_wconf 91' lang='lat' dir='ltr'><strong>idem,</strong></span> <span class='ocrx_word' id='word_1_146' title='bbox 1155 1414 1253 1454; x_wconf 90' lang='lat' dir='ltr'><strong>coll.</strong></span> <span class='ocrx_word' id='word_1_147' title='bbox 1286 1414 1359 1453; x_wconf 87' lang='lat' dir='ltr'><strong>Ar.</strong></span> <span class='ocrx_word' id='word_1_148' title='bbox 1394 1413 1507 1453; x_wconf 88' lang='lat' dir='ltr'><strong>Eccl.</strong></span> <span class='ocrx_word' id='word_1_149' title='bbox 1540 1413 1641 1453; x_wconf 84' lang='lat'><strong>570.</strong></span> 
     </span>
    </p>

    <p class='ocr_par' dir='ltr' id='par_1_9' title="bbox 253 1477 2016 1795">
     <span class='ocr_line' id='line_1_18' title="bbox 253 1477 2015 1532; baseline -0.001 -12"><span class='ocrx_word' id='word_1_150' title='bbox 253 1481 321 1521; x_wconf 88' lang='lat' dir='ltr'><strong>Fr.</strong></span> <span class='ocrx_word' id='word_1_151' title='bbox 359 1482 425 1531; x_wconf 93' lang='lat'><strong>10,</strong></span> <span class='ocrx_word' id='word_1_152' title='bbox 460 1482 499 1521; x_wconf 89' lang='lat'><strong>3.</strong></span> <span class='ocrx_word' id='word_1_153' title='bbox 544 1481 684 1522; x_wconf 86' lang='lat' dir='ltr'><strong>Verba</strong></span> <span class='ocrx_word' id='word_1_154' title='bbox 718 1481 839 1529; x_wconf 80' lang='grc' dir='ltr'><strong><em>αὐτὸς</em></strong></span> <span class='ocrx_word' id='word_1_155' title='bbox 869 1487 1029 1532; x_wconf 78' lang='grc' dir='ltr'><strong><em>περανῶ</em></strong></span> <span class='ocrx_word' id='word_1_156' title='bbox 1060 1480 1108 1520; x_wconf 86' lang='grc' dir='ltr'><strong>τὰ</strong></span> <span class='ocrx_word' id='word_1_157' title='bbox 1138 1477 1249 1520; x_wconf 80' lang='grc' dir='ltr'><strong><em>πάντ’</em></strong></span> <span class='ocrx_word' id='word_1_158' title='bbox 1284 1492 1332 1522; x_wconf 90' lang='lat' dir='ltr'><strong>se</strong></span> <span class='ocrx_word' id='word_1_159' title='bbox 1363 1491 1451 1521; x_wconf 95' lang='lat' dir='ltr'><strong>non</strong></span> <span class='ocrx_word' id='word_1_160' title='bbox 1482 1480 1738 1530; x_wconf 78' lang='lat' dir='ltr'><strong>intellegere</strong></span> <span class='ocrx_word' id='word_1_161' title='bbox 1768 1479 1833 1520; x_wconf 86' lang='lat' dir='ltr'><strong>ait</strong></span> <span class='ocrx_word' id='word_1_162' title='bbox 1861 1478 2015 1519; x_wconf 86' lang='lat' dir='ltr'><strong>editor.</strong></span> 
     </span>
     <span class='ocr_line' id='line_1_19' title="bbox 308 1543 2015 1600; baseline -0.001 -12"><span class='ocrx_word' id='word_1_163' title='bbox 308 1549 420 1589; x_wconf 89' lang='lat' dir='ltr'><strong>Sunt</strong></span> <span class='ocrx_word' id='word_1_164' title='bbox 452 1552 599 1590; x_wconf 88' lang='lat' dir='ltr'><strong>tamen</strong></span> <span class='ocrx_word' id='word_1_165' title='bbox 630 1551 742 1590; x_wconf 84' lang='lat' dir='ltr'><strong>satis</strong></span> <span class='ocrx_word' id='word_1_166' title='bbox 773 1550 1014 1600; x_wconf 87' lang='lat' dir='ltr'><strong>perspicua.</strong></span> <span class='ocrx_word' id='word_1_167' title='bbox 1044 1549 1186 1599; x_wconf 82' lang='lat' dir='ltr'>Negat</span> <span class='ocrx_word' id='word_1_168' title='bbox 1212 1550 1285 1599; x_wconf 90' lang='lat' dir='ltr'><strong>qui</strong></span> <span class='ocrx_word' id='word_1_169' title='bbox 1309 1549 1503 1598; x_wconf 92' lang='lat' dir='ltr'><strong>loquitur</strong></span> <span class='ocrx_word' id='word_1_170' title='bbox 1527 1558 1588 1599; x_wconf 90' lang='lat' dir='ltr'><strong>se,</strong></span> <span class='ocrx_word' id='word_1_171' title='bbox 1614 1548 1871 1598; x_wconf 83' lang='lat' dir='ltr'>priusquam</span> <span class='ocrx_word' id='word_1_172' title='bbox 1886 1543 2015 1587; x_wconf 77' lang='lat' dir='ltr'><strong>navis</strong></span> 
     </span>
     <span class='ocr_line' id='line_1_20' title="bbox 312 1617 2013 1669; baseline -0.002 -13"><span class='ocrx_word' id='word_1_173' title='bbox 312 1617 364 1656; x_wconf 86' lang='lat' dir='ltr'><strong>de</strong></span> <span class='ocrx_word' id='word_1_174' title='bbox 410 1628 496 1667; x_wconf 88' lang='lat' dir='ltr'><strong>qua</strong></span> <span class='ocrx_word' id='word_1_175' title='bbox 540 1628 685 1659; x_wconf 89' lang='lat' dir='ltr'><strong>sermo</strong></span> <span class='ocrx_word' id='word_1_176' title='bbox 731 1617 782 1658; x_wconf 87' lang='lat' dir='ltr'><strong>fit</strong></span> <span class='ocrx_word' id='word_1_177' title='bbox 825 1629 964 1668; x_wconf 92' lang='lat' dir='ltr'><strong>genus</strong></span> <span class='ocrx_word' id='word_1_178' title='bbox 1004 1619 1250 1669; x_wconf 89' lang='lat' dir='ltr'><strong>resciverit,</strong></span> <span class='ocrx_word' id='word_1_179' title='bbox 1293 1619 1434 1658; x_wconf 87' lang='lat' dir='ltr'><strong>totam</strong></span> <span class='ocrx_word' id='word_1_180' title='bbox 1475 1627 1570 1657; x_wconf 91' lang='lat' dir='ltr'><strong>rem</strong></span> <span class='ocrx_word' id='word_1_181' title='bbox 1610 1623 1830 1665; x_wconf 85' lang='lat' dir='ltr'><strong>exponere</strong></span> <span class='ocrx_word' id='word_1_182' title='bbox 1870 1622 2013 1664; x_wconf 87' lang='lat' dir='ltr'><strong>posse.</strong></span> 
     </span>
     <span class='ocr_line' id='line_1_21' title="bbox 312 1681 2016 1736; baseline -0.002 -11"><span class='ocrx_word' id='word_1_183' title='bbox 312 1684 534 1734; x_wconf 85' lang='lat' dir='ltr'>Quaenam</span> <span class='ocrx_word' id='word_1_184' title='bbox 581 1686 658 1726; x_wconf 88' lang='lat' dir='ltr'><strong>illa</strong></span> <span class='ocrx_word' id='word_1_185' title='bbox 703 1696 774 1726; x_wconf 91' lang='lat' dir='ltr'><strong>res</strong></span> <span class='ocrx_word' id='word_1_186' title='bbox 815 1686 948 1726; x_wconf 88' lang='lat' dir='ltr'><strong>fuerit</strong></span> <span class='ocrx_word' id='word_1_187' title='bbox 994 1696 1075 1726; x_wconf 91' lang='lat' dir='ltr'><strong>nos</strong></span> <span class='ocrx_word' id='word_1_188' title='bbox 1122 1686 1321 1736; x_wconf 89' lang='lat' dir='ltr'><strong>ignorare</strong></span> <span class='ocrx_word' id='word_1_189' title='bbox 1366 1686 1481 1725; x_wconf 87' lang='lat' dir='ltr'><strong>ultro</strong></span> <span class='ocrx_word' id='word_1_190' title='bbox 1519 1685 1713 1735; x_wconf 86' lang='lat' dir='ltr'><strong>apparet.</strong></span> <span class='ocrx_word' id='word_1_191' title='bbox 1753 1683 1844 1723; x_wconf 87' lang='lat' dir='ltr'><strong>Aut</strong></span> <span class='ocrx_word' id='word_1_192' title='bbox 1881 1681 2016 1732; x_wconf 87' lang='lat' dir='ltr'><strong>igitur</strong></span> 
     </span>
     <span class='ocr_line' id='line_1_22' title="bbox 311 1753 1007 1795; baseline 0.004 -4"><span class='ocrx_word' id='word_1_193' title='bbox 311 1753 418 1792; x_wconf 88' lang='lat' dir='ltr'><strong>nibil</strong></span> <span class='ocrx_word' id='word_1_194' title='bbox 450 1753 560 1793; x_wconf 80' lang='lat' dir='ltr'><strong>dixit</strong></span> <span class='ocrx_word' id='word_1_195' title='bbox 592 1754 712 1794; x_wconf 88' lang='lat' dir='ltr'><strong>Kock</strong></span> <span class='ocrx_word' id='word_1_196' title='bbox 744 1756 822 1794; x_wconf 89' lang='lat' dir='ltr'><strong>aut</strong></span> <span class='ocrx_word' id='word_1_197' title='bbox 852 1754 1007 1795; x_wconf 90' lang='lat' dir='ltr'><strong>otiosa.</strong></span> 
     </span>
    </p>

    <p class='ocr_par' dir='ltr' id='par_1_10' title="bbox 253 1817 2035 2065">
     <span class='ocr_line' id='line_1_23' title="bbox 253 1817 2012 1874; baseline -0.001 -15"><span class='ocrx_word' id='word_1_198' title='bbox 253 1820 320 1859; x_wconf 88' lang='lat' dir='ltr'><strong>Fr.</strong></span> <span class='ocrx_word' id='word_1_199' title='bbox 358 1822 424 1869; x_wconf 84' lang='lat'><strong>15,</strong></span> <span class='ocrx_word' id='word_1_200' title='bbox 458 1822 497 1861; x_wconf 87' lang='lat'><strong>3.</strong></span> <span class='ocrx_word' id='word_1_201' title='bbox 531 1821 633 1861; x_wconf 89' lang='lat' dir='ltr'><strong>Sine</strong></span> <span class='ocrx_word' id='word_1_202' title='bbox 649 1832 783 1862; x_wconf 84' lang='lat' dir='ltr'><strong>causa</strong></span> <span class='ocrx_word' id='word_1_203' title='bbox 809 1822 999 1872; x_wconf 88' lang='lat' dir='ltr'><strong>Blaydes</strong></span> <span class='ocrx_word' id='word_1_204' title='bbox 1023 1818 1253 1874; x_wconf 81' lang='grc' dir='ltr'><strong>τούπίθημ’.</strong></span> <span class='ocrx_word' id='word_1_205' title='bbox 1276 1845 1328 1850; x_wconf 94' lang='grc'><strong>-</strong></span> <span class='ocrx_word' id='word_1_206' title='bbox 1358 1822 1432 1862; x_wconf 90' lang='lat' dir='ltr'><strong>Vs.</strong></span> <span class='ocrx_word' id='word_1_207' title='bbox 1461 1823 1502 1863; x_wconf 83' lang='lat'><strong>4.</strong></span> <span class='ocrx_word' id='word_1_208' title='bbox 1526 1817 1856 1873; x_wconf 77' lang='grc' dir='ltr'><strong><em>παραμεμιγμένη</em></strong></span> <span class='ocrx_word' id='word_1_209' title='bbox 1881 1818 2012 1859; x_wconf 88' lang='lat' dir='ltr'><strong>idem.</strong></span> 
     </span>
     <span class='ocr_line' id='line_1_24' title="bbox 312 1885 2015 1940; baseline 0 -14"><span class='ocrx_word' id='word_1_210' title='bbox 312 1887 419 1937; x_wconf 87' lang='lat' dir='ltr'>Quid</span> <span class='ocrx_word' id='word_1_211' title='bbox 451 1891 510 1934; x_wconf 88' lang='lat' dir='ltr'><strong>(et</strong></span> <span class='ocrx_word' id='word_1_212' title='bbox 540 1888 664 1939; x_wconf 89' lang='lat' dir='ltr'>num)</span> <span class='ocrx_word' id='word_1_213' title='bbox 694 1890 828 1930; x_wconf 84' lang='lat' dir='ltr'><strong>fuerit</strong></span> <span class='ocrx_word' id='word_1_214' title='bbox 858 1891 1170 1940; x_wconf 91' lang='lat' dir='ltr'><strong>compositum,</strong></span> <span class='ocrx_word' id='word_1_215' title='bbox 1205 1891 1308 1930; x_wconf 89' lang='lat' dir='ltr'><strong>sciri</strong></span> <span class='ocrx_word' id='word_1_216' title='bbox 1338 1891 1508 1940; x_wconf 90' lang='lat' dir='ltr'><strong>nequit,</strong></span> <span class='ocrx_word' id='word_1_217' title='bbox 1541 1889 1619 1930; x_wconf 89' lang='lat' dir='ltr'><strong>sed</strong></span> <span class='ocrx_word' id='word_1_218' title='bbox 1649 1888 1802 1938; x_wconf 87' lang='lat' dir='ltr'><strong>utique</strong></span> <span class='ocrx_word' id='word_1_219' title='bbox 1826 1885 2015 1927; x_wconf 89' lang='lat' dir='ltr'><strong>scriben-</strong></span> 
     </span>
     <span class='ocr_line' id='line_1_25' title="bbox 310 1955 2015 2010; baseline 0 -16"><span class='ocrx_word' id='word_1_220' title='bbox 310 1955 414 1995; x_wconf 91' lang='lat' dir='ltr'><strong>dum</strong></span> <span class='ocrx_word' id='word_1_221' title='bbox 462 1966 538 2005; x_wconf 91' lang='lat' dir='ltr'><strong>per</strong></span> <span class='ocrx_word' id='word_1_222' title='bbox 582 1956 918 2007; x_wconf 86' lang='lat' dir='ltr'><strong>diphthongum.</strong></span> <span class='ocrx_word' id='word_1_223' title='bbox 954 1981 1002 1987; x_wconf 94' lang='lat'><em>-</em></span> <span class='ocrx_word' id='word_1_224' title='bbox 1040 1958 1115 1999; x_wconf 89' lang='lat' dir='ltr'><strong>Vs.</strong></span> <span class='ocrx_word' id='word_1_225' title='bbox 1149 1960 1189 1999; x_wconf 83' lang='lat'><strong>5.</strong></span> <span class='ocrx_word' id='word_1_226' title='bbox 1235 1956 1393 2010; x_wconf 80' lang='grc' dir='ltr'><strong><em>ἤτμιζεν</em></strong></span> <span class='ocrx_word' id='word_1_227' title='bbox 1431 1968 1509 2008; x_wconf 93' lang='lat' dir='ltr'><strong>pro</strong></span> <span class='ocrx_word' id='word_1_228' title='bbox 1549 1956 1663 2008; x_wconf 84' lang='grc' dir='ltr'><strong><em>ἀτμίς</em></strong></span> <span class='ocrx_word' id='word_1_229' title='bbox 1703 1971 1760 2003; x_wconf 85' lang='grc' dir='ltr'><strong>τις</strong></span> <span class='ocrx_word' id='word_1_230' title='bbox 1800 1956 1929 1996; x_wconf 86' lang='lat' dir='ltr'><strong>acute</strong></span> <span class='ocrx_word' id='word_1_231' title='bbox 1968 1955 2015 1995; x_wconf 86' lang='lat' dir='ltr'><strong>et</strong></span> 
     </span>
     <span class='ocr_line' id='line_1_26' title="bbox 310 2023 2035 2065; baseline 0.001 -4"><span class='ocrx_word' id='word_1_232' title='bbox 310 2023 459 2062; x_wconf 88' lang='lat' dir='ltr'><strong>nescio</strong></span> <span class='ocrx_word' id='word_1_233' title='bbox 490 2034 545 2063; x_wconf 91' lang='lat' dir='ltr'><strong>an</strong></span> <span class='ocrx_word' id='word_1_234' title='bbox 578 2035 680 2065; x_wconf 83' lang='lat' dir='ltr'><strong>vere</strong></span> <span class='ocrx_word' id='word_1_235' title='bbox 712 2026 841 2065; x_wconf 89' lang='lat' dir='ltr'><strong>idern.</strong></span> <span class='ocrx_word' id='word_1_236' title='bbox 2032 2062 2035 2063; x_wconf 37' lang='lat'><strong>.</strong></span> 
     </span>
    </p>

    <p class='ocr_par' dir='ltr' id='par_1_11' title="bbox 253 2090 2015 2484">
     <span class='ocr_line' id='line_1_27' title="bbox 253 2090 2012 2146; baseline 0.002 -18"><span class='ocrx_word' id='word_1_237' title='bbox 253 2090 319 2129; x_wconf 89' lang='lat' dir='ltr'><strong>Fr.</strong></span> <span class='ocrx_word' id='word_1_238' title='bbox 367 2091 433 2138; x_wconf 88' lang='grc'><strong>17,</strong></span> <span class='ocrx_word' id='word_1_239' title='bbox 467 2091 505 2131; x_wconf 87' lang='grc'><strong>2.</strong></span> <span class='ocrx_word' id='word_1_240' title='bbox 555 2092 787 2133; x_wconf 82' lang='lat' dir='ltr'><strong>Manifesto</strong></span> <span class='ocrx_word' id='word_1_241' title='bbox 834 2093 935 2134; x_wconf 91' lang='lat' dir='ltr'><strong>inde</strong></span> <span class='ocrx_word' id='word_1_242' title='bbox 982 2094 1094 2143; x_wconf 91' lang='lat' dir='ltr'><strong>quod</strong></span> <span class='ocrx_word' id='word_1_243' title='bbox 1134 2090 1227 2134; x_wconf 82' lang='grc' dir='ltr'><strong><em>οὐδ’</em></strong></span> <span class='ocrx_word' id='word_1_244' title='bbox 1272 2093 1383 2146; x_wconf 78' lang='grc' dir='ltr'><strong><em>ἴκταρ</em></strong></span> <span class='ocrx_word' id='word_1_245' title='bbox 1430 2092 1565 2146; x_wconf 77' lang='grc' dir='ltr'><em>βάλλει</em></span> <span class='ocrx_word' id='word_1_246' title='bbox 1611 2091 1728 2143; x_wconf 73' lang='grc' dir='ltr'><strong>(ἥκει)</strong></span> <span class='ocrx_word' id='word_1_247' title='bbox 1773 2090 2012 2141; x_wconf 88' lang='lat' dir='ltr'><strong>dicebatur,</strong></span> 
     </span>
     <span class='ocr_line' id='line_1_28' title="bbox 311 2157 2014 2213; baseline 0.001 -17"><span class='ocrx_word' id='word_1_248' title='bbox 311 2167 396 2196; x_wconf 91' lang='lat' dir='ltr'><strong>non</strong></span> <span class='ocrx_word' id='word_1_249' title='bbox 438 2160 636 2207; x_wconf 88' lang='lat' dir='ltr'><strong>sequitur</strong></span> <span class='ocrx_word' id='word_1_250' title='bbox 676 2171 880 2210; x_wconf 87' lang='lat' dir='ltr'><strong>graecum</strong></span> <span class='ocrx_word' id='word_1_251' title='bbox 923 2171 1021 2202; x_wconf 90' lang='lat' dir='ltr'><strong>esse</strong></span> <span class='ocrx_word' id='word_1_252' title='bbox 1062 2158 1150 2201; x_wconf 78' lang='grc' dir='ltr'><strong><em>οὐδ’</em></strong></span> <span class='ocrx_word' id='word_1_253' title='bbox 1195 2161 1308 2213; x_wconf 82' lang='grc' dir='ltr'><strong><em>ἴκταρ</em></strong></span> <span class='ocrx_word' id='word_1_254' title='bbox 1347 2157 1444 2207; x_wconf 80' lang='grc' dir='ltr'><strong>εἶδε,</strong></span> <span class='ocrx_word' id='word_1_255' title='bbox 1475 2161 1587 2211; x_wconf 90' lang='lat' dir='ltr'><strong>quod</strong></span> <span class='ocrx_word' id='word_1_256' title='bbox 1619 2170 1696 2211; x_wconf 93' lang='lat' dir='ltr'><strong>pro</strong></span> <span class='ocrx_word' id='word_1_257' title='bbox 1729 2157 2014 2210; x_wconf 79' lang='grc' dir='ltr'><strong><em>οὐδέτερον</em></strong></span> 
     </span>
     <span class='ocr_line' id='line_1_29' title="bbox 308 2219 2011 2280; baseline 0.002 -17"><span class='ocrx_word' id='word_1_258' title='bbox 308 2219 387 2264; x_wconf 80' lang='grc' dir='ltr'><strong>εἶδε</strong></span> <span class='ocrx_word' id='word_1_259' title='bbox 418 2228 643 2276; x_wconf 87' lang='lat' dir='ltr'><strong>proposuit</strong></span> <span class='ocrx_word' id='word_1_260' title='bbox 670 2229 804 2269; x_wconf 86' lang='lat' dir='ltr'><strong>Kock.</strong></span> <span class='ocrx_word' id='word_1_261' title='bbox 838 2231 931 2270; x_wconf 83' lang='lat' dir='ltr'><strong>Acu</strong></span> <span class='ocrx_word' id='word_1_262' title='bbox 958 2240 1051 2269; x_wconf 89' lang='lat' dir='ltr'><strong>rem</strong></span> <span class='ocrx_word' id='word_1_263' title='bbox 1083 2230 1230 2280; x_wconf 89' lang='lat' dir='ltr'><strong>tetigit</strong></span> <span class='ocrx_word' id='word_1_264' title='bbox 1261 2230 1335 2271; x_wconf 92' lang='lat' dir='ltr'><strong>l.l.</strong></span> <span class='ocrx_word' id='word_1_265' title='bbox 1369 2230 1416 2270; x_wconf 96' lang='grc' dir='ltr'><strong>Ο.</strong></span> <span class='ocrx_word' id='word_1_266' title='bbox 1439 2229 1619 2270; x_wconf 88' lang='lat' dir='ltr'><strong>Crusius</strong></span> <span class='ocrx_word' id='word_1_267' title='bbox 1649 2228 1873 2277; x_wconf 86' lang='lat' dir='ltr'><strong>corrigens</strong></span> <span class='ocrx_word' id='word_1_268' title='bbox 1901 2220 2011 2266; x_wconf 74' lang='grc' dir='ltr'><strong><em>οὐδ’</em></strong></span> 
     </span>
     <span class='ocr_line' id='line_1_30' title="bbox 310 2289 2015 2348; baseline 0.001 -17"><span class='ocrx_word' id='word_1_269' title='bbox 310 2289 438 2344; x_wconf 83' lang='grc' dir='ltr'><strong><em>ὄναρ</em></strong></span> <span class='ocrx_word' id='word_1_270' title='bbox 480 2289 568 2334; x_wconf 81' lang='grc' dir='ltr'><strong>εἶδε.</strong></span> <span class='ocrx_word' id='word_1_271' title='bbox 606 2296 655 2335; x_wconf 92' lang='lat' dir='ltr'><strong>In</strong></span> <span class='ocrx_word' id='word_1_272' title='bbox 697 2297 814 2337; x_wconf 88' lang='lat' dir='ltr'><strong>idem</strong></span> <span class='ocrx_word' id='word_1_273' title='bbox 846 2299 1000 2347; x_wconf 87' lang='lat' dir='ltr'><strong>postea</strong></span> <span class='ocrx_word' id='word_1_274' title='bbox 1030 2298 1183 2338; x_wconf 89' lang='lat' dir='ltr'><strong>incidit</strong></span> <span class='ocrx_word' id='word_1_275' title='bbox 1214 2298 1297 2348; x_wconf 77' lang='lat' dir='ltr'><strong>BL,</strong></span> <span class='ocrx_word' id='word_1_276' title='bbox 1330 2298 1407 2338; x_wconf 87' lang='lat' dir='ltr'><strong>sed</strong></span> <span class='ocrx_word' id='word_1_277' title='bbox 1438 2300 1607 2338; x_wconf 87' lang='lat' dir='ltr'><strong>temere</strong></span> <span class='ocrx_word' id='word_1_278' title='bbox 1638 2306 1716 2347; x_wconf 92' lang='lat' dir='ltr'><strong>pro</strong></span> <span class='ocrx_word' id='word_1_279' title='bbox 1747 2290 1826 2335; x_wconf 76' lang='grc' dir='ltr'><strong>εἶδε</strong></span> <span class='ocrx_word' id='word_1_280' title='bbox 1855 2292 2015 2334; x_wconf 73' lang='grc' dir='ltr'><strong><em>πώποτε</em></strong></span> 
     </span>
     <span class='ocr_line' id='line_1_31' title="bbox 310 2360 2014 2416; baseline 0.002 -17"><span class='ocrx_word' id='word_1_281' title='bbox 310 2360 520 2401; x_wconf 85' lang='lat' dir='ltr'><strong>ariolatur</strong></span> <span class='ocrx_word' id='word_1_282' title='bbox 573 2361 758 2415; x_wconf 78' lang='grc' dir='ltr'><strong><em>ἐποίησέν</em></strong></span> <span class='ocrx_word' id='word_1_283' title='bbox 813 2379 917 2404; x_wconf 83' lang='grc' dir='ltr'><strong><em>ποτε.</em></strong></span> <span class='ocrx_word' id='word_1_284' title='bbox 966 2365 1112 2415; x_wconf 85' lang='lat' dir='ltr'><strong>Longe</strong></span> <span class='ocrx_word' id='word_1_285' title='bbox 1159 2366 1292 2416; x_wconf 89' lang='lat' dir='ltr'><strong>priori</strong></span> <span class='ocrx_word' id='word_1_286' title='bbox 1339 2364 1643 2416; x_wconf 87' lang='lat' dir='ltr'><strong>posthabenda</strong></span> <span class='ocrx_word' id='word_1_287' title='bbox 1687 2363 1828 2404; x_wconf 87' lang='lat' dir='ltr'><strong>altera</strong></span> <span class='ocrx_word' id='word_1_288' title='bbox 1873 2360 2014 2403; x_wconf 82' lang='lat' dir='ltr'><strong>Crusii</strong></span> 
     </span>
     <span class='ocr_line' id='line_1_32' title="bbox 310 2429 910 2484; baseline 0.008 -17"><span class='ocrx_word' id='word_1_289' title='bbox 310 2429 558 2470; x_wconf 85' lang='lat' dir='ltr'><strong>coniectura</strong></span> <span class='ocrx_word' id='word_1_290' title='bbox 588 2430 645 2471; x_wconf 78' lang='grc' dir='ltr'><strong>οὐ</strong></span> <span class='ocrx_word' id='word_1_291' title='bbox 678 2430 910 2484; x_wconf 82' lang='grc' dir='ltr'><strong>δέρτρον.</strong></span> 
     </span>
    </p>

    <p class='ocr_par' dir='ltr' id='par_1_12' title="bbox 252 2495 2015 2552">
     <span class='ocr_line' id='line_1_33' title="bbox 252 2495 2015 2552; baseline 0.003 -19"><span class='ocrx_word' id='word_1_292' title='bbox 252 2495 318 2534; x_wconf 75' lang='lat' dir='ltr'><strong>Fr.</strong></span> <span class='ocrx_word' id='word_1_293' title='bbox 356 2496 421 2546; x_wconf 85' lang='lat'><strong>19,</strong></span> <span class='ocrx_word' id='word_1_294' title='bbox 455 2498 494 2537; x_wconf 85' lang='lat'><strong>5.</strong></span> <span class='ocrx_word' id='word_1_295' title='bbox 530 2498 578 2538; x_wconf 90' lang='lat' dir='ltr'><strong>In</strong></span> <span class='ocrx_word' id='word_1_296' title='bbox 604 2496 876 2540; x_wconf 82' lang='grc' dir='ltr'><strong><em>κᾶσύντακτον</em></strong></span> <span class='ocrx_word' id='word_1_297' title='bbox 902 2502 1060 2542; x_wconf 89' lang='lat' dir='ltr'><strong>merito</strong></span> <span class='ocrx_word' id='word_1_298' title='bbox 1087 2501 1233 2541; x_wconf 76' lang='lat' dir='ltr'><strong>haesit</strong></span> <span class='ocrx_word' id='word_1_299' title='bbox 1259 2501 1323 2542; x_wconf 92' lang='lat' dir='ltr'><strong>Bl.</strong></span> <span class='ocrx_word' id='word_1_300' title='bbox 1345 2504 1447 2552; x_wconf 84' lang='lat' dir='ltr'><strong>apte</strong></span> <span class='ocrx_word' id='word_1_301' title='bbox 1472 2501 1694 2542; x_wconf 74' lang='lat' dir='ltr'><strong>coniciens</strong></span> <span class='ocrx_word' id='word_1_302' title='bbox 1719 2497 2015 2551; x_wconf 73' lang='grc' dir='ltr'><strong><em>κάστάθμητον·</em></strong></span> 
     </span>
    </p>

    <p class='ocr_par' dir='ltr' id='par_1_13' title="bbox 253 2562 2014 2818">
     <span class='ocr_line' id='line_1_34' title="bbox 253 2562 2013 2624; baseline 0.003 -24"><span class='ocrx_word' id='word_1_303' title='bbox 253 2562 319 2601; x_wconf 77' lang='lat' dir='ltr'><strong>Fr.</strong></span> <span class='ocrx_word' id='word_1_304' title='bbox 355 2564 424 2612; x_wconf 88' lang='lat'><strong>21,</strong></span> <span class='ocrx_word' id='word_1_305' title='bbox 462 2566 497 2604; x_wconf 93' lang='lat'><strong>1.</strong></span> <span class='ocrx_word' id='word_1_306' title='bbox 530 2571 597 2616; x_wconf 80' lang='grc' dir='ltr'><strong>τῆς</strong></span> <span class='ocrx_word' id='word_1_307' title='bbox 629 2566 752 2618; x_wconf 81' lang='grc' dir='ltr'><strong><em>αὐτῆς</em></strong></span> <span class='ocrx_word' id='word_1_308' title='bbox 784 2565 895 2607; x_wconf 84' lang='grc' dir='ltr'><strong>ὁδοῦ.</strong></span> <span class='ocrx_word' id='word_1_309' title='bbox 939 2568 999 2609; x_wconf 78' lang='lat' dir='ltr'><strong>Cf.</strong></span> <span class='ocrx_word' id='word_1_310' title='bbox 1043 2570 1178 2609; x_wconf 78' lang='lat' dir='ltr'><strong>etiam</strong></span> <span class='ocrx_word' id='word_1_311' title='bbox 1211 2576 1281 2624; x_wconf 79' lang='grc' dir='ltr'><strong>μιᾷ</strong></span> <span class='ocrx_word' id='word_1_312' title='bbox 1313 2566 1393 2623; x_wconf 79' lang='grc' dir='ltr'><strong>ὁδῷ</strong></span> <span class='ocrx_word' id='word_1_313' title='bbox 1427 2570 1525 2609; x_wconf 78' lang='lat' dir='ltr'><strong>Eur.</strong></span> <span class='ocrx_word' id='word_1_314' title='bbox 1559 2569 1645 2609; x_wconf 83' lang='lat'><strong>765</strong></span> <span class='ocrx_word' id='word_1_315' title='bbox 1678 2570 1723 2608; x_wconf 80' lang='lat' dir='ltr'><strong>et</strong></span> <span class='ocrx_word' id='word_1_316' title='bbox 1753 2566 1944 2608; x_wconf 80' lang='lat' dir='ltr'><strong>Herond.</strong></span> <span class='ocrx_word' id='word_1_317' title='bbox 1974 2565 2013 2605; x_wconf 81' lang='lat' dir='ltr'><strong>V</strong></span> 
     </span>
     <span class='ocr_line' id='line_1_35' title="bbox 312 2631 2014 2687; baseline 0.003 -18"><span class='ocrx_word' id='word_1_318' title='bbox 312 2631 367 2670; x_wconf 88' lang='grc'><strong>66</strong></span> <span class='ocrx_word' id='word_1_319' title='bbox 399 2642 462 2680; x_wconf 86' lang='lat' dir='ltr'><strong>sq.</strong></span> <span class='ocrx_word' id='word_1_320' title='bbox 498 2654 551 2659; x_wconf 91' lang='lat'>—</span> <span class='ocrx_word' id='word_1_321' title='bbox 587 2634 659 2674; x_wconf 92' lang='lat' dir='ltr'><strong>Vs.</strong></span> <span class='ocrx_word' id='word_1_322' title='bbox 693 2636 733 2675; x_wconf 91' lang='lat'><strong>3.</strong></span> <span class='ocrx_word' id='word_1_323' title='bbox 776 2632 865 2687; x_wconf 82' lang='grc' dir='ltr'><strong><em>παρ’</em></strong></span> <span class='ocrx_word' id='word_1_324' title='bbox 898 2634 1070 2687; x_wconf 77' lang='grc' dir='ltr'><strong><em>Ὤκιμον</em></strong></span> <span class='ocrx_word' id='word_1_325' title='bbox 1113 2638 1188 2676; x_wconf 86' lang='lat' dir='ltr'><strong>vix</strong></span> <span class='ocrx_word' id='word_1_326' title='bbox 1229 2639 1347 2677; x_wconf 91' lang='lat' dir='ltr'><strong>recte</strong></span> <span class='ocrx_word' id='word_1_327' title='bbox 1379 2637 1591 2677; x_wconf 87' lang='lat' dir='ltr'><strong>adversus</strong></span> <span class='ocrx_word' id='word_1_328' title='bbox 1622 2636 1835 2677; x_wconf 85' lang='lat' dir='ltr'><strong>Cobetum</strong></span> <span class='ocrx_word' id='word_1_329' title='bbox 1864 2634 2014 2675; x_wconf 82' lang='lat' dir='ltr'><strong>tuetur</strong></span> 
     </span>
     <span class='ocr_line' id='line_1_36' title="bbox 311 2698 2011 2755; baseline 0.003 -18"><span class='ocrx_word' id='word_1_330' title='bbox 311 2698 462 2748; x_wconf 90' lang='lat' dir='ltr'><strong>editor,</strong></span> <span class='ocrx_word' id='word_1_331' title='bbox 510 2710 611 2741; x_wconf 88' lang='lat' dir='ltr'><strong>nam</strong></span> <span class='ocrx_word' id='word_1_332' title='bbox 660 2703 846 2752; x_wconf 89' lang='lat' dir='ltr'><strong>perdura</strong></span> <span class='ocrx_word' id='word_1_333' title='bbox 892 2706 961 2744; x_wconf 90' lang='lat' dir='ltr'><strong>est</strong></span> <span class='ocrx_word' id='word_1_334' title='bbox 1007 2704 1244 2754; x_wconf 85' lang='lat' dir='ltr'><strong>explicatio</strong></span> <span class='ocrx_word' id='word_1_335' title='bbox 1289 2707 1351 2755; x_wconf 92' lang='lat' dir='ltr'><strong>et,</strong></span> <span class='ocrx_word' id='word_1_336' title='bbox 1400 2705 1438 2744; x_wconf 91' lang='lat' dir='ltr'><strong>si</strong></span> <span class='ocrx_word' id='word_1_337' title='bbox 1485 2705 1567 2745; x_wconf 88' lang='lat' dir='ltr'><strong>hoc</strong></span> <span class='ocrx_word' id='word_1_338' title='bbox 1608 2703 1821 2745; x_wconf 89' lang='lat' dir='ltr'><strong>voluisset</strong></span> <span class='ocrx_word' id='word_1_339' title='bbox 1864 2703 2011 2753; x_wconf 83' lang='lat' dir='ltr'><strong>poeta,</strong></span> 
     </span>
     <span class='ocr_line' id='line_1_37' title="bbox 310 2767 1134 2818; baseline 0.008 -14"><span class='ocrx_word' id='word_1_340' title='bbox 310 2767 454 2815; x_wconf 88' lang='lat' dir='ltr'><strong>potius</strong></span> <span class='ocrx_word' id='word_1_341' title='bbox 485 2768 583 2818; x_wconf 81' lang='grc' dir='ltr'><strong><em>πρὸς</em></strong></span> <span class='ocrx_word' id='word_1_342' title='bbox 614 2769 810 2811; x_wconf 88' lang='lat' dir='ltr'><strong>dedisset</strong></span> <span class='ocrx_word' id='word_1_343' title='bbox 839 2774 888 2811; x_wconf 91' lang='lat' dir='ltr'><strong>ut</strong></span> <span class='ocrx_word' id='word_1_344' title='bbox 919 2772 963 2811; x_wconf 94' lang='lat' dir='ltr'><strong>in</strong></span> <span class='ocrx_word' id='word_1_345' title='bbox 997 2782 1060 2811; x_wconf 89' lang='lat' dir='ltr'><strong>vs.</strong></span> <span class='ocrx_word' id='word_1_346' title='bbox 1095 2774 1134 2812; x_wconf 84' lang='grc'><strong>2.</strong></span> 
     </span>
    </p>

    <p class='ocr_par' dir='ltr' id='par_1_14' title="bbox 256 2834 2011 3015">
     <span class='ocr_line' id='line_1_38' title="bbox 256 2834 2011 2890; baseline 0.004 -19"><span class='ocrx_word' id='word_1_347' title='bbox 256 2834 319 2872; x_wconf 85' lang='lat' dir='ltr'><strong>Fr.</strong></span> <span class='ocrx_word' id='word_1_348' title='bbox 355 2836 422 2882; x_wconf 80' lang='grc'><strong>22,</strong></span> <span class='ocrx_word' id='word_1_349' title='bbox 452 2835 491 2874; x_wconf 92' lang='grc'><strong>2.</strong></span> <span class='ocrx_word' id='word_1_350' title='bbox 525 2836 658 2885; x_wconf 81' lang='grc' dir='ltr'><strong><em>φανὸν</em></strong></span> <span class='ocrx_word' id='word_1_351' title='bbox 684 2839 871 2887; x_wconf 87' lang='lat' dir='ltr'><strong>permire</strong></span> <span class='ocrx_word' id='word_1_352' title='bbox 898 2841 1090 2889; x_wconf 87' lang='lat' dir='ltr'><strong>positum</strong></span> <span class='ocrx_word' id='word_1_353' title='bbox 1119 2841 1234 2880; x_wconf 91' lang='lat' dir='ltr'><strong>inter</strong></span> <span class='ocrx_word' id='word_1_354' title='bbox 1263 2834 1377 2880; x_wconf 77' lang='grc' dir='ltr'><strong><em>οἶνον</em></strong></span> <span class='ocrx_word' id='word_1_355' title='bbox 1408 2842 1453 2880; x_wconf 92' lang='lat' dir='ltr'><strong>et</strong></span> <span class='ocrx_word' id='word_1_356' title='bbox 1477 2837 1586 2890; x_wconf 80' lang='grc' dir='ltr'><strong><em>ὄξος,</em></strong></span> <span class='ocrx_word' id='word_1_357' title='bbox 1615 2849 1696 2880; x_wconf 92' lang='lat' dir='ltr'><strong>nec</strong></span> <span class='ocrx_word' id='word_1_358' title='bbox 1727 2838 1878 2879; x_wconf 77' lang='lat' dir='ltr'><strong>dubito</strong></span> <span class='ocrx_word' id='word_1_359' title='bbox 1907 2837 2011 2888; x_wconf 86' lang='lat' dir='ltr'><strong>quin</strong></span> 
     </span>
     <span class='ocr_line' id='line_1_39' title="bbox 311 2904 2011 2957; baseline 0.004 -17"><span class='ocrx_word' id='word_1_360' title='bbox 311 2906 425 2941; x_wconf 85' lang='lat' dir='ltr'><strong>recte</strong></span> <span class='ocrx_word' id='word_1_361' title='bbox 477 2904 661 2944; x_wconf 89' lang='lat' dir='ltr'><strong>duorum</strong></span> <span class='ocrx_word' id='word_1_362' title='bbox 708 2907 1058 2956; x_wconf 89' lang='lat' dir='ltr'><strong>apographorum</strong></span> <span class='ocrx_word' id='word_1_363' title='bbox 1104 2906 1338 2947; x_wconf 86' lang='lat' dir='ltr'><strong>lectionem</strong></span> <span class='ocrx_word' id='word_1_364' title='bbox 1387 2905 1520 2946; x_wconf 76' lang='grc' dir='ltr'><strong><em>ἔλαιον</em></strong></span> <span class='ocrx_word' id='word_1_365' title='bbox 1561 2906 1811 2957; x_wconf 85' lang='lat' dir='ltr'><strong>probaverit</strong></span> <span class='ocrx_word' id='word_1_366' title='bbox 1855 2905 2011 2956; x_wconf 72' lang='lat' dir='ltr'><strong>Habet,</strong></span> 
     </span>
     <span class='ocr_line' id='line_1_40' title="bbox 310 2971 1407 3015; baseline 0.007 -8"><span class='ocrx_word' id='word_1_367' title='bbox 310 2971 579 3011; x_wconf 85' lang='lat' dir='ltr'><strong>assentiente</strong></span> <span class='ocrx_word' id='word_1_368' title='bbox 611 2973 745 3013; x_wconf 87' lang='lat' dir='ltr'><strong>etiam</strong></span> <span class='ocrx_word' id='word_1_369' title='bbox 779 2974 842 3014; x_wconf 91' lang='lat' dir='ltr'><strong>Bl.</strong></span> <span class='ocrx_word' id='word_1_370' title='bbox 876 2974 1058 3015; x_wconf 89' lang='lat' dir='ltr'><strong>Frustra</strong></span> <span class='ocrx_word' id='word_1_371' title='bbox 1093 2976 1242 3015; x_wconf 88' lang='lat' dir='ltr'><strong>tuetur</strong></span> <span class='ocrx_word' id='word_1_372' title='bbox 1273 2974 1407 3014; x_wconf 86' lang='lat' dir='ltr'><strong>Kock.</strong></span> 
     </span>
    </p>

    <p class='ocr_par' dir='ltr' id='par_1_15' title="bbox 255 3035 2011 3155">
     <span class='ocr_line' id='line_1_41' title="bbox 255 3035 2011 3093; baseline 0.005 -19"><span class='ocrx_word' id='word_1_373' title='bbox 255 3035 317 3075; x_wconf 79' lang='lat' dir='ltr'><strong>Fr.</strong></span> <span class='ocrx_word' id='word_1_374' title='bbox 354 3039 422 3085; x_wconf 78' lang='lat'><strong>24,</strong></span> <span class='ocrx_word' id='word_1_375' title='bbox 458 3039 495 3078; x_wconf 83' lang='lat'><strong>2.</strong></span> <span class='ocrx_word' id='word_1_376' title='bbox 544 3039 751 3088; x_wconf 82' lang='grc' dir='ltr'><strong><em>φασὶ&lt;ν&gt;</em></strong></span> <span class='ocrx_word' id='word_1_377' title='bbox 799 3041 1011 3082; x_wconf 74' lang='grc' dir='ltr'><strong><em>στενακτὰν</em></strong></span> <span class='ocrx_word' id='word_1_378' title='bbox 1052 3045 1228 3093; x_wconf 87' lang='lat' dir='ltr'><strong>propter</strong></span> <span class='ocrx_word' id='word_1_379' title='bbox 1269 3042 1464 3092; x_wconf 89' lang='lat' dir='ltr'><strong>Hilbergi</strong></span> <span class='ocrx_word' id='word_1_380' title='bbox 1504 3042 1647 3093; x_wconf 86' lang='lat' dir='ltr'>legem</span> <span class='ocrx_word' id='word_1_381' title='bbox 1690 3044 1806 3083; x_wconf 91' lang='lat' dir='ltr'><strong>recte</strong></span> <span class='ocrx_word' id='word_1_382' title='bbox 1837 3040 2011 3091; x_wconf 81' lang='lat' dir='ltr'><strong>Nauck;</strong></span> 
     </span>
     <span class='ocr_line' id='line_1_42' title="bbox 312 3104 1411 3155; baseline 0.005 -10"><span class='ocrx_word' id='word_1_383' title='bbox 312 3104 429 3151; x_wconf 78' lang='grc' dir='ltr'><strong><em>μέσον</em></strong></span> <span class='ocrx_word' id='word_1_384' title='bbox 461 3116 535 3155; x_wconf 90' lang='lat' dir='ltr'><strong>pro</strong></span> <span class='ocrx_word' id='word_1_385' title='bbox 563 3107 700 3147; x_wconf 83' lang='grc' dir='ltr'><strong><em>στενὸν</em></strong></span> <span class='ocrx_word' id='word_1_386' title='bbox 731 3109 843 3150; x_wconf 91' lang='lat' dir='ltr'><strong>bona</strong></span> <span class='ocrx_word' id='word_1_387' title='bbox 875 3112 944 3150; x_wconf 88' lang='lat' dir='ltr'><strong>est</strong></span> <span class='ocrx_word' id='word_1_388' title='bbox 975 3111 1156 3151; x_wconf 83' lang='lat' dir='ltr'><strong>editoris</strong></span> <span class='ocrx_word' id='word_1_389' title='bbox 1187 3110 1411 3151; x_wconf 89' lang='lat' dir='ltr'><strong>correctio.</strong></span> 
     </span>
    </p>

    <p class='ocr_par' dir='ltr' id='par_1_16' title="bbox 256 3172 2014 3298">
     <span class='ocr_line' id='line_1_43' title="bbox 256 3172 2013 3228; baseline 0.005 -18"><span class='ocrx_word' id='word_1_390' title='bbox 256 3172 320 3210; x_wconf 85' lang='lat' dir='ltr'><strong>Fr.</strong></span> <span class='ocrx_word' id='word_1_391' title='bbox 355 3174 423 3211; x_wconf 85' lang='grc'><strong>27.</strong></span> <span class='ocrx_word' id='word_1_392' title='bbox 463 3175 477 3212; x_wconf 93' lang='grc'><strong>1</strong></span> <span class='ocrx_word' id='word_1_393' title='bbox 515 3189 551 3212; x_wconf 84' lang='grc' dir='ltr'><strong>τε</strong></span> <span class='ocrx_word' id='word_1_394' title='bbox 584 3186 658 3225; x_wconf 91' lang='lat' dir='ltr'><strong>pro</strong></span> <span class='ocrx_word' id='word_1_395' title='bbox 691 3178 830 3226; x_wconf 87' lang='lat' dir='ltr'><strong>priore</strong></span> <span class='ocrx_word' id='word_1_396' title='bbox 861 3176 928 3216; x_wconf 76' lang='grc' dir='ltr'><strong>καὶ</strong></span> <span class='ocrx_word' id='word_1_397' title='bbox 960 3178 1042 3227; x_wconf 84' lang='grc' dir='ltr'><strong>ΒΙ.,</strong></span> <span class='ocrx_word' id='word_1_398' title='bbox 1076 3188 1161 3227; x_wconf 86' lang='lat' dir='ltr'><strong>quo</strong></span> <span class='ocrx_word' id='word_1_399' title='bbox 1193 3179 1267 3218; x_wconf 85' lang='lat' dir='ltr'><strong>vix</strong></span> <span class='ocrx_word' id='word_1_400' title='bbox 1298 3188 1425 3228; x_wconf 91' lang='lat' dir='ltr'><strong>opus,</strong></span> <span class='ocrx_word' id='word_1_401' title='bbox 1459 3180 1504 3219; x_wconf 92' lang='lat' dir='ltr'><strong>et</strong></span> <span class='ocrx_word' id='word_1_402' title='bbox 1535 3189 1600 3219; x_wconf 89' lang='lat' dir='ltr'><strong>vs.</strong></span> <span class='ocrx_word' id='word_1_403' title='bbox 1634 3172 1660 3219; x_wconf 80' lang='lat'>8</span> <span class='ocrx_word' id='word_1_404' title='bbox 1691 3188 1792 3219; x_wconf 92' lang='lat' dir='ltr'><strong>cum</strong></span> <span class='ocrx_word' id='word_1_405' title='bbox 1820 3176 2013 3219; x_wconf 84' lang='lat' dir='ltr'><strong>Antonio</strong></span> 
     </span>
     <span class='ocr_line' id='line_1_44' title="bbox 313 3239 2014 3298; baseline 0.005 -20"><span class='ocrx_word' id='word_1_406' title='bbox 313 3239 406 3279; x_wconf 82' lang='lat' dir='ltr'><strong>Mel.</strong></span> <span class='ocrx_word' id='word_1_407' title='bbox 453 3243 757 3294; x_wconf 78' lang='grc' dir='ltr'><strong>φρονιμώτεροι,</strong></span> <span class='ocrx_word' id='word_1_408' title='bbox 817 3245 1004 3296; x_wconf 83' lang='lat' dir='ltr'><strong>repetito</strong></span> <span class='ocrx_word' id='word_1_409' title='bbox 1050 3248 1153 3286; x_wconf 91' lang='lat' dir='ltr'><strong>ante</strong></span> <span class='ocrx_word' id='word_1_410' title='bbox 1199 3245 1550 3297; x_wconf 87' lang='lat' dir='ltr'><strong>comparativum</strong></span> <span class='ocrx_word' id='word_1_411' title='bbox 1595 3244 1667 3298; x_wconf 79' lang='grc' dir='ltr'><strong>ἄν,</strong></span> <span class='ocrx_word' id='word_1_412' title='bbox 1720 3255 1852 3296; x_wconf 87' lang='lat' dir='ltr'>quam</span> <span class='ocrx_word' id='word_1_413' title='bbox 1906 3253 2014 3286; x_wconf 82' lang='lat' dir='ltr'><strong>sane</strong></span> 
     </span>
    </p>
   </div>
   <div class='ocr_carea' id='block_1_4' title="bbox 2182 2922 2216 3522">
    <p class='ocr_par' dir='ltr' id='par_1_17' title="bbox 2182 2922 2216 3522">
     <span class='ocr_line' id='line_1_45' title="bbox 2182 2922 2216 3522; baseline 0 0"><span class='ocrx_word' id='word_1_414' title='bbox 2182 2922 2216 3522; x_wconf 95' lang='lat' dir='ltr'><strong> </strong></span> 
     </span>
    </p>
   </div>
  </div>
 </body>
</html>
