2216 3522
1025 224 1078 262 47

174 345 243 385 Fr.
277 345 377 386 583.
646 345 713 385 ἵνα
744 346 918 394 ξυνῶσιν
951 343 1056 402 ᾧπερ
1087 347 1266 399 ἥδεσθον
1298 349 1392 405 βίῳ,

647 413 850 465 σκώληκας
882 413 1062 455 §afflone
1092 414 1159 455 καὶ
1192 416 1532 469 μυλακρίδας.

229 480 360 520 Miror
384 480 619 530 Kockium,
647 491 777 530 quem
803 482 995 522 advertit
1022 484 1178 523 vitium
1203 484 1456 534 metricum,
1483 495 1572 525 non
1599 485 1762 526 vidisse
1779 488 1931 535 poetae

230 539 498 588 reddendum
544 558 641 588 esse
681 549 1006 589 deminutivum
1048 551 1386 602 μυλακρίδια,
1426 552 1522 592 sive
1554 553 1670 592 idem
1702 554 1930 594 restituen-

231 615 337 655 dum
362 616 422 656 sit
447 615 612 655 Polluci
637 616 732 656 sive
749 627 835 657 non
854 618 925 657 sit.
958 618 1009 657 In
1037 619 1195 658 ceteris
1211 619 1365 658 lexicis
1391 619 1520 659 iuxta
1545 620 1745 671 μυλακρός
1772 622 1934 661 citatur

231 682 421 735 μυλαγρίς
464 685 508 723 et
554 683 767 735 μυλαβρίς,
812 695 997 733 quarum
1043 685 1286 725 formarum
1333 686 1408 725 illa
1454 689 1522 727 est
1563 689 1932 736 pronuntiationis

233 750 425 790 varietas
454 752 504 790 ut
534 748 747 803 ἀγρόπολις
779 753 881 802 etc.,
914 752 1023 792 haec
1054 753 1313 803 corruptela.

173 818 242 858 Fr.
275 819 375 866 585,
412 819 449 858 1.
496 815 636 857 τέκνον
675 819 720 858 in
761 820 940 869 parodia
979 820 1243 869 productum
1284 821 1334 859 ut
1363 821 1542 870 Antiph.
1575 822 1638 861 III
1669 823 1748 871 98;
1781 823 1930 874 Eupol.

231 886 275 925 II
305 887 388 926 477
423 888 468 926 et
503 886 661 937 Κύπριν
692 887 844 926 Eubul.
879 888 949 936 67,
983 888 1023 926 8.
1058 886 1118 927 Cf.
1151 888 1280 938 Vesp.
1318 889 1430 927 1519
1463 889 1571 935 (ΒΙ.).

171 954 241 994 Fr.
275 946 374 994 589.
421 954 472 994 In
517 954 767 1003 fragmento
809 965 835 994 a
875 965 946 994 me
987 956 1129 1004 primo
1171 956 1289 995 edito
1331 956 1453 995 Stud.
1496 957 1591 996 crit.
1626 958 1694 1007 95,
1727 959 1748 997 1
1782 959 1932 1008 procul

231 1021 362 1062 dubio
402 1021 707 1071 corrigendum
748 1023 817 1062 est
858 1019 910 1069 ὡς
942 1022 1227 1075 Ἀριστοφάνης
1264 1022 1425 1073 φησίν
1456 1034 1534 1073 pro
1565 1024 1789 1075 Σφηξίν,
1819 1027 1931 1074 quod

231 1099 312 1130 nec
342 1100 414 1129 me
438 1090 584 1139 ipsum
611 1091 717 1129 tunc
742 1100 823 1129 nec
847 1091 1018 1139 postea,
1046 1091 1159 1138 quod
1186 1091 1343 1140 sciam,
1372 1101 1638 1140 quemquam
1655 1093 1934 1142 perspexisse

230 1158 430 1206 impense
459 1158 609 1197 miror.
640 1157 947 1197 Infelicissime
978 1158 1102 1198 Kock
1133 1158 1317 1197 coniecit
1335 1155 1570 1209 Ἔρωσιν.

173 1225 241 1264 Fr.
274 1225 374 1265 590.
416 1222 646 1277 ἀμυγδαλᾶς
678 1247 734 1251 -
767 1223 950 1272 κάταξον.
997 1225 1058 1265 Cf.
1101 1225 1263 1274 Phryn.
1292 1225 1334 1264 II
1365 1226 1451 1265 603
1493 1224 1727 1279 ἀμυγδαλῆν
1762 1227 1932 1275 κάταξον

232 1294 277 1333 et
307 1291 542 1345 ἀμυγδάλην
572 1293 733 1342 Phryn.
767 1293 836 1333 60.
868 1293 930 1332 De
962 1294 1145 1333 accentu
1178 1293 1269 1332 iam
1301 1294 1548 1342 antiquitus
1578 1304 1664 1333 non
1690 1295 1933 1336 constabat.

231 1361 327 1402 Vid.
359 1362 517 1402 Athen.
544 1361 659 1401 1152
677 1361 722 1400 F.
755 1361 991 1401 Herodian.
1019 1361 1039 1399 I
1061 1361 1160 1411 321,
1180 1361 1249 1400 32.
1278 1361 1428 1400 Lentz.
1457 1361 1578 1401 Haec
1602 1362 1802 1411 Blaydes.
1831 1363 1932 1402 Sua·

230 1428 331 1469 dere
356 1429 529 1468 videtur
545 1428 748 1477 analogia
763 1430 813 1468 ut
828 1426 1036 1481 ἀμυγδάλη
1055 1428 1272 1468 scribatur
1287 1428 1473 1478 fructus,
1492 1426 1700 1480 ἀμυγδαλῆ
1717 1429 1856 1469 arbor.
1877 1453 1927 1456 —

230 1495 299 1536 Ad
332 1495 502 1543 κάταξον
543 1495 595 1535 cf.
628 1494 969 1546 καρυοκατάκτης,
999 1496 1112 1544 quod
1145 1495 1491 1534 instrumentum
1523 1495 1828 1548 μουκηροβαγόρ
1862 1497 1931 1536 vel

198 1611 202 1614 ¹
231 1562 626 1615 μουκηροβάκταςθ)
658 1563 938 1612 appellabant
968 1563 1175 1602 Lacones.
1214 1562 1276 1602 Cf.
1309 1562 1498 1611 Hesych.
1526 1573 1562 1602 s.
1594 1574 1634 1603 v.

176 1631 245 1672 Fr.
274 1632 376 1671 591.
1137 1629 1209 1680 τὴν
1239 1630 1402 1682 χύτραν,

656 1697 699 1737 ἓν
729 1694 755 1753 ᾗ
786 1696 842 1737 τὰ
873 1694 1018 1750 κρεάδι’
1049 1692 1151 1749 ἧψες
1184 1695 1443 1748 ἔζωμευμένα.

234 1767 357 1807 Kock
386 1760 467 1818 ἧψε
496 1765 786 1818 τάζωμευμένα.
818 1762 968 1807 Possis
1000 1767 1136 1807 etiam
1162 1765 1204 1806 ἐν
1235 1762 1261 1821 ᾗ
1292 1780 1344 1818 γε
1370 1766 1455 1813 (vel
1486 1765 1558 1812 σὺ)
1587 1787 1640 1793 -
1673 1763 1931 1816 ἔζωμευμένα.

174 1834 243 1874 Fr.
277 1835 377 1874 596.
419 1834 554 1874 Multo
594 1834 801 1874 audacius
842 1835 1098 1874 Timotheus
1139 1834 1190 1874 fr.
1234 1835 1289 1873 22
1337 1834 1402 1873 ed.
1449 1833 1696 1873 Wilamow.
1744 1833 1932 1882 clipeum

234 1903 410 1942 vocavit
430 1900 576 1954 ’Ἁρεως
607 1901 770 1953 φιάλην.

174 1971 243 2010 Fr.
286 1971 386 2011 598.
434 1970 608 2009 Erravit
654 1969 798 2018 Kock;
854 1967 1026 2019 λέλαφας
1073 1971 1141 2008 est
1196 1968 1406 2017 Hesychii
1452 1967 1603 2016 lectiO,
1653 1978 1783 2016 quam
1830 1970 1932 2008 ante

233 2037 444 2077 Cobetum
475 2037 618 2087 Bergk
648 2047 724 2086 pro
754 2034 906 2086 λέμφας
936 2036 1122 2076 reddidit
1153 2036 1326 2085 Photio‚
1360 2036 1409 2074 ut
1439 2034 1610 2074 monuit
1636 2034 1799 2074 Nauck.

178 2105 244 2145 Fr.
277 2106 378 2145 607.
410 2105 474 2144 Bl.
507 2105 581 2144 cft.
615 2104 854 2153 Sophronis
885 2104 937 2143 fr.
972 2105 1042 2144 34.

176 2172 243 2212 ΕΤ.
285 2173 386 2213 612.
433 2171 719 2211 Probabiliter
764 2171 829 2211 Bl.
873 2169 1050 2209 ἐνταῦθα
1103 2169 1152 2220 δὴ
1200 2168 1321 2211 <τὸ>
1366 2167 1582 2219 παιδάριον
1634 2166 1931 2218 [εξ]αὑαίνεται,

234 2240 342 2279 citat
385 2239 504 2279 enim
545 2239 701 2278 Suidas
746 2249 781 2278 s.
814 2249 854 2278 v.
901 2237 1117 2276 αὖαίνεται.
1162 2238 1347 2276 Formae
1387 2234 1485 2282 αὖός
1526 2236 1569 2274 et
1609 2233 1791 2273 αὑαίνειν
1832 2246 1931 2275 cum

235 2306 392 2355 spiritu
423 2316 576 2355 aspero
608 2306 765 2354 ubique
796 2305 1039 2345 reddendae
1069 2307 1175 2344 sunt
1206 2303 1441 2344 veteribus.
1474 2302 1536 2342 Cf.
1569 2299 1822 2351 ἀφαυαίνειν.

176 2372 245 2412 Fr.
278 2373 378 2413 614.
427 2372 630 2421 Speciose
674 2372 812 2412 idem:
859 2370 932 2422 τὴν
964 2370 1126 2424 φάρυγα
1172 2370 1357 2422 μηλώσας
1405 2365 1469 2409 δύ’
1521 2366 1709 2419 ἕξεμέσεις
1759 2369 1932 2421 δραχμάς

237 2442 307 2486 (an
338 2438 493 2491 δραχμά
503 2440 550 2485 ἲ).

177 2506 245 2546 Fr.
278 2507 378 2546 615.
411 2506 494 2546 Pro
524 2505 734 2556 συλλαβεῖν
771 2516 843 2546 me
874 2506 1188 2554 proponentem
1224 2503 1439 2555 συμβαλεῖν
1481 2506 1578 2548 (me
1609 2502 1930 2542 intellectu-

236 2576 374 2619 rum)
405 2573 634 2622 impugnat
664 2572 728 2612 Bl.
761 2574 862 2623 post
893 2572 1016 2611 Kock
1046 2572 1109 2611 111
1135 2582 1174 2620 p.
1204 2571 1303 2611 723.
1345 2570 1458 2609 Vera
1488 2570 1638 2608 tamen
1665 2579 1762 2608 esse
1787 2571 1933 2618 potest

237 2640 513 2690 coniectura,
536 2639 664 2679 modo
706 2639 1045 2688 interpretemur
1076 2648 1157 2677 me
1195 2637 1600 2677 coniecturum.
1630 2631 1860 2686 Ὑπίσχομαι
1878 2651 1932 2667 =

235 2705 503 2759 ὑπισχνοῦμαι
525 2707 738 2747 adversus
764 2706 979 2746 Kockium
1008 2706 1071 2745 Bl.
1103 2707 1152 2745 ut
1177 2705 1363 2744 atticum
1389 2705 1538 2743 tuetur
1564 2702 1658 2742 coll.
1685 2702 1933 2754 προσίσχεται

236 2776 310 2815 Ar.
350 2775 412 2815 Pl.
458 2775 590 2824 1096,
638 2784 718 2814 nec
756 2776 909 2813 tamen
949 2773 1268 2812 dubitationem
1307 2770 1486 2818 evertit;
1530 2779 1634 2808 nam
1675 2769 1796 2820 ἴσχειν
1832 2779 1931 2809 cum

235 2842 491 2891 compositis
531 2851 607 2890 pro
652 2839 752 2892 ἔχειν
791 2841 952 2881 Atticis
983 2840 1094 2880 satis
1124 2838 1363 2879 familiaria
1393 2838 1514 2885 sunt,
1547 2837 1622 2875 sed
1653 2837 1750 2885 quis
1781 2847 1931 2877 eorum

235 2919 447 2958 umquam
494 2907 691 2958 populari
737 2917 939 2947 sermone
979 2907 1023 2946 in
1065 2905 1290 2946 Praesenti
1330 2904 1443 2943 dixit
1484 2901 1675 2954 ὑπέχομαι
1717 2904 1811 2943 sive
1842 2902 1933 2942 ὑπί-

235 2986 376 3027 σχομαι
400 2986 476 3025 pro
507 2973 809 3027 ὑπισχνοῦμαιῖ
845 2975 890 3014 Si
922 2975 1056 3023 igitur
1086 2974 1217 3013 homo
1249 2972 1411 3011 atticus
1443 2971 1513 3010 hic
1543 2970 1745 3021 loquitur,
1779 2971 1931 3011 admit-

236 3043 370 3083 tenda
401 3045 469 3083 est
499 3043 678 3093 parodia
697 3040 803 3083 ‘sive
832 3042 1181 3092 paratragoedia,
1217 3039 1311 3079 coll.
1345 3038 1501 3078 Aesch.
1534 3037 1716 3078 Eumen.
1749 3039 1849 3078 804.

178 3111 246 3150 Fr.
279 3111 379 3151 619.
411 3109 638 3162 γραμμήε
655 3109 795 3162 βαλβίς
822 3120 937 3159 esse,
967 3109 1063 3149 coll.
1091 3108 1197 3147 Ach.
1217 3107 1316 3155 483,
1335 3105 1437 3144 olim
1457 3105 1607 3144 monui
1623 3107 1666 3145 et
1683 3115 1931 3145 sermonem

236 3178 307 3218 hic
338 3188 435 3218 esse
466 3178 518 3217 de
550 3179 722 3217 oratore
752 3178 887 3217 verba
917 3177 1099 3216 facturo.
1138 3175 1221 3215 Cur
1252 3174 1445 3223 praestet
1476 3171 1645 3223 χώρει,
1685 3173 1798 3220 quod
1837 3182 1930 3211 con-

238 3245 340 3285 iecit
370 3244 456 3298 Bl.,
488 3254 576 3284 non
607 3244 835 3294 perspicio.
