2216 3522
1072 248 1151 287 131

290 372 391 411 Sine
436 381 570 412 causa
614 382 702 412 non
748 373 927 412 servata
958 374 1027 412 est
1069 372 1161 412 cod.
1195 373 1234 410 A
1273 372 1489 412 Athenaei
1530 372 1660 412 lectio
1702 371 1778 411 αἰε
1790 372 1814 410 ι’.
1856 373 1988 412 Recte

292 438 447 479 deinde
477 439 642 479 Naber:

1376 504 1517 558 τέχνην

648 573 841 625 καινὴν
869 573 1070 627 πορίζεταί
1098 588 1146 613 τε
1177 569 1301 613 δεῖπν’
1335 571 1552 626 ἀσύμβολα.

293 640 384 691 Quo
424 643 554 691 pacto
593 643 743 682 autem
774 642 839 682 Β1.
880 643 1060 692 accepta
1089 642 1170 682 hac
1202 642 1466 682 correctione
1496 642 1610 682 tueri
1640 643 1783 691 possit
1810 657 1871 695 γε,
1898 644 1992 694 ipse

294 707 467 748 viderit.
499 708 622 749 Idem
650 720 716 750 ve.
734 711 761 750 4
787 711 972 750 coniecit
998 707 1019 749 ὁ
1050 715 1128 749 τῶν
1161 709 1359 762 μαγείρων
1390 710 1539 749 minus
1565 712 1683 750 recte
1708 721 1840 760 quam
1858 711 1997 752 Bothe

294 778 421 815 τοῖσιν
451 775 666 829 μαγείροις.

235 844 305 884 Fr.
337 845 437 894 261,
475 845 512 884 1.
560 843 751 896 ἠβούλετο
793 845 901 892 (scil.
949 843 1167 898 γενέσθαι).
1217 845 1320 885 Sine
1359 855 1494 885 causa
1534 844 1818 886 casaubonus
1849 847 1998 896 inepte

296 908 496 963 ἠπείγετο,
537 914 582 952 et
618 913 861 953 novissime
902 913 966 953 Β1.
1010 911 1200 965 ἐγίγνετο,
1241 913 1516 962 ineleganter
1555 915 1656 962 post
1686 913 1910 965 γενόμενος.
1942 936 1998 941 -

294 978 371 1019 Vs.
402 980 430 1019 3
472 977 632 1034 ἐλᾴδιον
673 980 753 1030 Β1.,
798 980 896 1020 coll.
940 980 1102 1020 Cratin.
1136 981 1178 1019 Π
1209 981 1279 1030 88,
1322 981 1399 1020 aut
1435 977 1543 1018 ἁλῶν
1574 979 1728 1031 σκάφη,
1758 981 1871 1029 quod
1902 981 1997 1021 ridi-

296 1046 469 1095 culum;
501 1047 608 1087 illud
641 1048 990 1088 consideratione
1021 1049 1201 1098 dignum
1235 1047 1423 1087 videtur.

237 1114 307 1152 Fr.
340 1114 440 1164 262,
474 1114 515 1154 2.
558 1115 623 1155 Bl.
666 1114 976 1166 διαλλαξᾶμενος
1018 1117 1094 1155 aut
1132 1114 1468 1166 μεταλλαξᾶμενος
1508 1112 1637 1169 ᾔθεον
1677 1118 1793 1161 (cum
1825 1115 1999 1162 Cobeto)

297 1180 398 1231 βίον.
429 1181 573 1221 Teneo
605 1183 718 1231 quod
748 1183 953 1232 proposui
985 1182 1312 1235 διαγραψάμενος
1349 1181 1498 1221 <τὸν>
1533 1179 1634 1232 ἡδίω
1666 1182 1776 1234 βίον,
1805 1183 1898 1223 scil.
1931 1183 2000 1223 τόν

296 1245 465 1300 ἄγαμον.
496 1249 762 1290 Rectissime
788 1251 911 1290 Kock
938 1251 1234 1300 impugnavit,
1262 1260 1395 1299 quam
1421 1249 1538 1291 male
1564 1260 1682 1290 nunc
1706 1251 1771 1290 Β1.
1789 1251 1999 1301 defendit,

297 1315 519 1356 infelicem
551 1316 702 1357 Cobeti
733 1318 1052 1368 coniecturam,
1094 1318 1172 1358 sed
1209 1317 1555 1357 immodulatum
1587 1319 1681 1367 ipse
1712 1320 1757 1358 et
1785 1318 2001 1368 inelegan-

298 1385 390 1423 tem
431 1394 610 1424 versum
651 1385 853 1434 procudit
892 1388 1052 1437 γαμεῖν,
1082 1382 1291 1432 διαπλέξας
1324 1382 1374 1422 ἂν
1406 1383 1527 1435 μόνος
1563 1381 1664 1436 ἡδίω
1695 1385 1812 1437 βίον..
1841 1385 1904 1425 De
1934 1396 1999 1425 vs.

301 1452 326 1490 3
358 1462 423 1500 sq.
455 1455 630 1503 κρεῖττον
663 1475 717 1481 -
750 1455 899 1503 μᾶλλον
931 1450 957 1504 ἢ
989 1453 1054 1492 Β1.
1088 1453 1162 1493 eft.
1195 1453 1270 1492 Ar.
1301 1452 1412 1491 Nub.
1450 1453 1577 1492 1215.

241 1519 309 1558 Fr.
344 1519 443 1569 263,
478 1520 517 1559 2.
549 1519 659 1560 Nub.
693 1521 779 1560 964
813 1520 886 1560 cft.
921 1521 985 1560 Β1.
1015 1520 1160 1560 -Vs.
1194 1521 1235 1559 4.
1268 1518 1405 1570 μηδείς
1441 1516 1617 1560 <ποθ’>
1653 1519 1769 1559 idem
1800 1521 1845 1559 et
1875 1529 1940 1559 VS.
1974 1521 2000 1559 5

300 1596 377 1636 pro
433 1586 571 1638 λαβεῖν
625 1590 792 1638 μαθεῖν,
851 1588 967 1637 quod
1032 1598 1119 1628 non
1181 1587 1403 1636 intellego.
1458 1586 1626 1627 Dobree
1681 1584 1796 1642 ἑτέρῳ
1851 1586 2001 1636 procul

301 1654 431 1694 dubio
472 1655 605 1695 recte.
1203 1701 1209 1704 ,

244 1721 314 1761 Fr.
348 1721 447 1771 264,
483 1722 523 1760 5.
645 1719 671 1773 ἢ
701 1721 1035 1762 πλουσιακὸν
1064 1721 1227 1778 τούτῳ
1258 1721 1493 1774 προσπίπτει
1524 1719 1661 1760 κακόν.

302 1787 614 1838 Corrigendum
646 1789 840 1829 videtur:

627 1853 654 1907 ἢ
680 1851 1121 1896 ’νθουσιαστικόν
1152 1871 1197 1895 τι
1228 1855 1465 1908 προσπίπτει
1496 1855 1631 1896 κακόν.

303 1925 398 1974 aut,
431 1924 470 1963 si
500 1924 741 1974 pronomen
772 1924 1073 1963 necessarium
1103 1924 1324 1964 videatur:

630 1988 655 2042 ἢ
680 1987 1011 2031 ’νθουσιαστικὸν
1042 1987 1254 2043 προσέπεσ’
1289 1989 1396 2044 αὐτῷ
1427 1989 1564 2029 κακόν.

304 2060 399 2098 aut
429 2058 746 2098 fanaticum
771 2068 893 2098 eum
923 2059 1143 2098 invasit
1168 2058 1386 2098 malum.
1412 2057 1474 2097 De
1491 2058 1800 2098 semivirorum
1818 2057 2003 2107 Cybelae

303 2125 424 2166 cultu
449 2126 632 2175 cogitari
657 2126 832 2175 poterit.
864 2126 908 2165 Is
942 2126 1018 2175 qui
1047 2128 1193 2166 totum
1215 2135 1372 2175 corpus
1396 2135 1528 2164 suum
1554 2125 1719 2175 expilat
1746 2127 1790 2165 et
1814 2126 2006 2175 laevigat

305 2194 383 2232 aut
408 2195 660 2233 scortum
686 2194 756 2232 est
782 2195 859 2232 aut
884 2193 1189 2242 fanaticus;
1219 2194 1322 2242 quin
1343 2193 1461 2232 enim
1479 2203 1543 2232 VS.
1562 2193 1588 2232 3
1605 2194 1723 2233 recte
1740 2194 2003 2233 correxerim

305 2257 392 2310 ἢτοι
431 2258 506 2312 γὰρ
546 2258 732 2311 ἑταιρεῖν,
771 2260 1088 2309 („desideratur
1129 2260 1217 2302 tale
1259 2260 1390 2308 quid”
1422 2258 1560 2310 Kock)
1603 2261 1647 2299 et
1685 2260 1789 2300 ferri
1819 2261 2006 2309 nequeat

305 2326 488 2375 probata
523 2336 549 2366 a
579 2326 810 2375 Blaydesio
841 2326 1027 2366 Iacobsii
1059 2327 1311 2366 coniectura
1341 2324 1367 2377 ἢ
1400 2326 1687 2377 μαστροπεύειν
1728 2327 1844 2375 (quid
1886 2327 2004 2366 enim

307 2403 468 2442 quaeso
509 2393 701 2433 lenoni
743 2403 843 2433 cum
873 2393 1033 2434 barbae
1069 2394 1342 2443 pilorumque
1382 2393 1626 2439 absentia?)
1658 2394 1871 2443 temporis
1901 2404 2004 2443 pun·

307 2461 428 2500 ctum
469 2470 555 2500 non
596 2460 758 2501 dubito.
791 2482 848 2488 —
879 2461 955 2502 Vs.
988 2463 1028 2502 5.
1071 2459 1343 2512 ἀντιπράττειν
1384 2464 1427 2500 et
1468 2470 1569 2500 cum
1604 2460 1800 2501 Iacobsio
1833 2459 2006 2500 ἐπινοεῖν

306 2528 425 2567 recte
456 2527 535 2577 Β1.,
568 2528 640 2576 qui
671 2528 820 2568 minus
850 2528 1133 2578 probabiliter
1164 2528 1283 2567 addit
1314 2525 1452 2566 ἀντίον
1483 2527 1666 2578 πράττειν
1697 2531 1813 2574 νοεῖς.

250 2594 319 2634 Fr.
359 2595 458 2644 265,
490 2597 531 2633 4.
573 2592 683 2641 ἀξιοῖ
718 2605 795 2644 pro
842 2594 964 2634 οἴεται
996 2605 1171 2635 mecum
1202 2594 1290 2643 Bl.;
1324 2594 1363 2634 si
1395 2592 1516 2632 οἴεται
1547 2604 1707 2634 sanum
1739 2596 1826 2645 est,
1860 2604 2005 2634 neces·

309 2662 425 2701 sario
465 2661 709 2701 addendum
745 2664 814 2702 est
844 2661 946 2713 δεῖν,
977 2662 1088 2711 quod
1119 2663 1164 2701 in
1196 2663 1335 2701 altera
1365 2671 1467 2701 mea
1498 2661 1751 2701 coniectura
1786 2662 1888 2701 fecit
1914 2671 2007 2711 pro—

309 2738 475 2778 ponens
505 2727 588 2766 δεῖν
619 2721 676 2767 ὧν
707 2738 784 2778 pro
815 2722 872 2767 ὧν
902 2726 988 2779 μὲν,
1016 2729 1092 2769 sed
1123 2728 1388 2778 particulam
1418 2725 1490 2778 μέν
1522 2727 1669 2776 potius
1701 2729 1930 2768 servarim.
1952 2750 2005 2756 —

311 2794 386 2835 Vs,
419 2795 460 2835 7.
492 2788 544 2834 αὖ
575 2794 716 2847 καιρόν
746 2810 834 2834 τινα
866 2797 1033 2836 temere
1065 2796 1129 2835 Β1.

254 2862 322 2902 Fr.
356 2863 455 2902 266.
1285 2860 1339 2913 μὴ
1373 2861 1497 2913 ὥρασι
1528 2858 1599 2911 μὲν

562 2927 619 2967 τὰ
649 2934 747 2968 τῶν
777 2934 951 2968 κακῶν
983 2925 1102 2968 ἵκοιθ’
1139 2926 1160 2967 ὁ
1192 2928 1285 2975 τοὺς
1316 2927 1494 2980 θερμοὺς
1526 2926 1681 2979 φαγών.

314 2995 423 3046 Quia
467 2993 522 3046 μὴ
568 2994 692 3047 ὥρασι
724 3017 777 3025 -
809 2995 932 3036 ἵκοιτο
960 3011 1015 3028 =
1042 2993 1247 3045 ἀπόλοιτο,
1293 2997 1392 3045 apte
1441 2994 1682 3035 correxeris
1729 2997 1806 3035 aut
1850 2995 2009 3042 κακὸς

313 3067 481 3109 κακῶς
522 3064 598 3102 aut
638 3051 820 3110 αὐτοῖς
859 3066 1066 3114 κακοῖς,
1116 3062 1212 3102 coll.
1257 3063 1330 3102 Ar.
1363 3062 1570 3111 Equitum
1611 3061 1751 3101 initio.
1786 3084 1839 3090 —
1873 3061 1948 3102 VS.
1980 3063 2006 3102 7

314 3130 505 3180 pessime
544 3132 689 3170 tentat
728 3131 808 3181 Β1.,
841 3131 917 3170 sed
961 3141 1022 3170 vs.
1057 3131 1083 3169 8
1120 3130 1308 3169 fortasse
1339 3130 1458 3168 recte
1490 3130 1715 3178 proposuit
1746 3127 1903 3179 εὐτελής
1934 3140 2010 3179 pro

314 3193 489 3249 εὐχερής,
518 3198 631 3246 quod
664 3197 766 3238 ferri
800 3198 965 3247 nequit.

257 3263 324 3304 Fr.
358 3263 457 3314 268,
492 3263 531 3304 3.
578 3263 736 3317 μεγίστη
776 3264 1025 3314 postulatur
1066 3263 1306 3313 sententia,
1349 3263 1493 3312 agitur
1531 3263 1650 3303 enim
1681 3262 1733 3302 de
1767 3262 2011 3302 insularum
