2216 3522
1071 189 1156 228 209

288 309 491 358 proponit
530 318 606 358 pro
646 308 834 349 absurdo
875 309 1093 359 δίμορφον,
1134 312 1247 359 quod
1286 312 1412 351 facile
1454 315 1574 353 nasci
1611 316 1755 364 potuit
1785 328 1839 357 ex
1872 319 1989 359 illius

287 376 558 426 glossemate
588 374 843 427 δύσμορφον,
873 378 1154 427 aptissimum
1187 381 1336 418 autem
1367 382 1436 419 est
1466 381 1658 421 Socratis
1689 385 1927 432 epitheton.

229 443 297 483 Fr.
330 443 431 483 388.
464 443 613 503 Placet
643 443 760 493 prior
790 444 1011 493 Blaydesii
1043 447 1252 486 correctio
1289 443 1410 488 <σ’>
1447 446 1532 498 ἔχει.

228 510 416 550 Γτ.’389
448 511 567 550 Ionis
598 511 753 558 tragici
784 511 836 553 fr.
869 513 924 552 55
958 516 1011 562 (p.
1046 514 1147 559 743)
1179 525 1276 554 esse
1312 516 1482 554 censuit
1518 516 1678 556 Nauck.

170 618 173 621 ,
226 578 296 618 Fr.
329 579 429 618 391.
463 578 651 618 Probata
681 578 861 618 Kusteri
892 590 956 619 vs.
994 582 1013 619 1
1049 582 1315 621 correctione
1347 582 1535 621 alterum
1569 584 1632 623 sic
1663 585 1816 625 scribit
1847 587 1935 626 BL:

640 644 716 697 ἔχει
748 642 784 684 δ’
820 643 1006 698 ἀφορμὰς
1037 647 1175 698 καιρὸς
1208 645 1547 699 ὁμολογουμένως.

226 713 295 753 Fr.
328 714 428 763 394,
464 714 503 753 2.
551 713 635 752 Vix
682 724 844 753 sanum
885 716 955 754 est
995 714 1108 765 ἴσως,
1148 726 1224 765 pro
1265 727 1349 765 quo
1381 717 1444 756 Bl.
1478 719 1578 766 apte
1621 720 1807 759 coniecit
1844 720 1988 771 τόμους

287 780 356 820 vel
386 779 518 831 τόμον,

224 847 293 888 Fr.
326 849 426 888 405.
1167 848 1467 901 ἀνθρώπων
1500 850 1543 903 γε’
1574 867 1633 891 τοι

639 912 778 964 ὀφλεῖν
809 914 957 967 γέλωτα
989 919 1166 966 κρεῖττον
1197 915 1223 968 ἢ
1255 916 1408 968 μέμψιν
1439 921 1588 957 θεῶν.

282 983 556 1023 Sententiam
583 983 807 1032 postulare
833 984 1006 1023 dativos
1032 984 1127 1024 sive
1153 982 1357 1040 ἀνθρώπῳ
1374 1007 1432 1012 ——
1448 988 1531 1040 θεῷ
1559 987 1652 1027 sive
1678 985 1910 1039 ἀνθρώποις
1931 1014 1983 1019 -

281 1053 393 1097 θεοῖς
439 1051 528 1090 iam
577 1050 683 1090 olim
723 1045 889 1090 monui.
936 1051 1204 1091 Praestat
1251 1052 1313 1091 ab
1360 1053 1584 1093 homine
1630 1055 1984 1104 (hominibus)

280 1118 516 1157 irrideri
547 1128 709 1166 quam
741 1118 1068 1166 vituperari
1100 1129 1126 1157 a
1157 1119 1254 1158 deo
1286 1119 1415 1165 (dis).

223 1185 292 1224 Fr.
325 1185 410 1224 417
445 1195 538 1234 sqq.
582 1185 708 1234 Apud
744 1185 1021 1233 Apostolium
1054 1185 1113 1223 IV
1145 1186 1200 1225 68
1219 1186 1244 1225 b
1276 1186 1393 1226 male
1433 1187 1519 1236 legi
1550 1185 1793 1239 ἀψυχότερος
1825 1194 1981 1242 λαγωοῦ

278 1252 575 1303 φεύγοντος
606 1261 684 1301 pro
719 1251 926 1303 Φρυγός
960 1254 1025 1298 (ut
1057 1253 1211 1292 Strabo
1243 1253 1386 1299 habet)
1420 1254 1672 1295 observavit
1702 1257 1931 1298 Headlam.

218 1319 287 1360 Fr.
321 1320 422 1369 420,
456 1321 496 1359 2.
542 1320 624 1358 Pro
676 1318 776 1369 ἥρως
824 1319 985 1367 requiri
1033 1317 1117 1369 ’ἥρω
1175 1321 1269 1359 sive
1316 1320 1424 1371 ἥρων
1471 1322 1659 1362 antehac
1704 1325 1869 1364 monui.
1918 1326 1978 1366 Cf.

277 1387 342 1427 Bl.
375 1397 415 1436 p.
450 1387 549 1427 268.

215 1454 284 1494 Fr.
318 1455 403 1494 427
436 1455 681 1504 perincerta
709 1454 864 1493 nititur
894 1454 1154 1493 coniectura.

215 1522 285 1562 Fr.
317 1523 420 1562 433.
454 1523 642 1563 Omnino
674 1522 760 1561 vid.
793 1521 942 1560 Nauck
974 1522 1071 1561 Mel.
1105 1521 1164 1560 VI
1195 1533 1235 1571 p.
1273 1520 1368 1572 137,
1402 1524 1475 1571 qui
1501 1525 1627 1563 affert
1654 1525 1846 1574 Gregorii
1874 1527 1975 1567 Naz.

276 1590 395 1630 Orat.
427 1590 447 1629 I
478 1600 517 1640 p.
552 1591 577 1630 5
596 1589 640 1629 G.

214 1657 284 1697 Fr.
317 1658 402 1698 447
436 1657 630 1706 Euripidi
659 1657 792 1696 tribui
823 1667 850 1696 a
880 1657 1118 1706 Philopono
1146 1658 1356 1697 in.Arist.
1385 1659 1516 1707 Phys.
1542 1670 1581 1708 p.
1609 1660 1693 1699 236
1710 1675 1745 1710 y.
1775 1661 1873 1709 237,
1903 1662 1972 1701 29.

273 1726 437 1774 309,14
469 1726 514 1764 et
543 1725 588 1764 in
620 1734 752 1764 aureo
785 1725 931 1763 codice
963 1725 1217 1764 Aristotelis
1247 1728 1400 1765 monet
1431 1726 1594 1765 Nauck.

212 1793 281 1832 Fr.
314 1794 414 1833 448.
457 1792 630 1832 Contuli
671 1792 890 1840 quondam
932 1791 1066 1831 Cicer.
1109 1792 1161 1831 de
1202 1792 1335 1831 divin.
1379 1793 1421 1831 11
1462 1795 1532 1841 59,
1577 1794 1655 1832 121
1707 1794 1838 1843 Quis
1886 1799 1972 1834 est

271 1861 417 1900 enim
449 1860 540 1908 qui
571 1861 755 1898 totum
786 1859 929 1898 diem
962 1859 1222 1898 iaculans
1254 1860 1361 1899 iam
1393 1870 1497 1899 non
1530 1861 1838 1908 aliquando
1870 1862 1969 1901 col-

269 1927 480 1967 lineet?
513 1926 630 1976 Quae
665 1936 750 1965 vox
782 1926 967 1974 quadrat
997 1927 1041 1965 in
1074 1927 1248 1966 criticos
1280 1927 1389 1967 bene
1421 1927 1599 1967 multos.

209 1995 278 2035 Fr.
308 1995 411 2034 449.
458 1993 807 2044 Improbabiliter
847 1993 910 2033 Bl.
952 1996 1032 2040 τοῖς
1074 1992 1116 2032 ἐν
1158 1994 1259 2048 ᾅδου
1293 1992 1499 2044 κειμένοις.
1541 1995 1656 2033 Nihil
1690 1995 1965 2036 mutandum.

269 2063 519 2102 Sententia:
553 2061 762 2110 Siquis
792 2061 933 2100 mori
965 2061 1177 2110 cupiat,
1212 2062 1511 2101 moriatur!

208 2129 277 2169 Fr.
309 2131 394 2170 451
442 2139 499 2169 ex
544 2128 766 2177 Eupolidis
813 2126 965 2177 Δήμοις
1012 2129 1212 2167 sumtum
1253 2139 1351 2167 esse
1396 2129 1647 2177 suspicatur
1689 2129 1836 2168 Nauck
1880 2130 1906 2168 l.
1936 2130 1962 2168 l.

265 2207 306 2247 p.
352 2198 449 2236 161.
486 2218 537 2225 —
575 2196 758 2235 Temere
804 2192 842 2240 ἐς
888 2192 1038 2232 ἀσπίδα
1085 2195 1181 2234 vult
1226 2196 1289 2234 Bl.
1338 2195 1399 2235 Cf.
1449 2196 1547 2234 Eur.
1596 2196 1627 2234 I.
1662 2195 1708 2234 Τ.
1763 2197 1871 2235 1237
1923 2195 1964 2233 ἐν

264 2262 417 2317 κιθάρᾳ
447 2261 588 2312 σοφόν.

206 2330 275 2369 Fr.
308 2331 409 2370 453.
443 2329 659 2369 Probabili
690 2329 939 2368 coniectura
970 2328 1121 2368 Nauck
1152 2338 1175 2368 e
1206 2329 1257 2368 fr.
1291 2331 1378 2368 494
1410 2329 1606 2378 supplet:

598 2395 716 2451 <ἥλῳ
748 2394 816 2434 τὸν
847 2389 963 2444 ἧλον,
994 2395 1172 2449 παττάλῳ
1205 2394 1272 2434 τὸν
1303 2395 1559 2444 πάτταλον,>

590 2463 686 2518 οἴνῳ
717 2461 786 2502 τὸν
816 2457 942 2510 οἶνον,
971 2461 1168 2516 κραιπάλῃ
1200 2459 1242 2500 δὲ
1272 2461 1508 2513 κραιπάλην.

262 2532 387 2572 Unde
418 2531 551 2572 simul
582 2532 761 2580 apparet
791 2530 955 2569 frustra
986 2529 1049 2568 Bl.
1083 2531 1253 2568 tentare
1284 2528 1379 2583 οἴνῳ
1411 2526 1484 2579 μὲν
1515 2524 1638 2567 οἶνον.

203 2599 271 2639 Fr.
305 2600 406 2639 459.
447 2599 542 2638 Iam
584 2595 855 2636 Dindorfium
898 2596 941 2635 in
983 2595 1205 2634 Thesauro
1246 2597 1291 2634 et
1331 2598 1432 2635 ante
1474 2596 1589 2634 hunc
1621 2596 1826 2635 Bothium
1859 2597 1958 2634 κάπ-

260 2679 384 2717 παριν
414 2665 657 2706 correxisse
687 2665 839 2702 monet
869 2662 1032 2701 Nauck.
1062 2684 1113 2690 —
1143 2662 1192 2701 In
1220 2660 1303 2701 fine
1337 2662 1483 2701 nescio
1512 2672 1566 2701 an
1593 2665 1710 2701 recte
1736 2663 1797 2701 Bi.
1825 2667 1958 2712 ponat

259 2733 436 2783 signum
467 2730 781 2779 interrogandi,
815 2729 910 2768 coll.
943 2729 1181 2777 Antiphan.
1214 2728 1277 2767 111
1311 2729 1366 2768 52
1400 2729 1452 2767 M.

201 2799 269 2839 Fr.
301 2801 401 2839 461.
435 2798 583 2838 Nauck
615 2798 710 2837 Mel.
743 2797 802 2835 VI
833 2807 872 2845 p.
910 2797 988 2836 161
1033 2806 1219 2835 monens
1257 2797 1366 2844 apud
1399 2797 1682 2835 Plutarchum
1715 2797 1800 2845 legi
1832 2795 1957 2850 ᾔδειν,

259 2866 332 2906 oft.
364 2865 603 2905 Philodem.
643 2862 732 2915 περὶ
771 2862 1003 2914 ποιημάτων
1045 2862 1128 2901 vol.
1172 2862 1298 2901 Herc.
1341 2863 1406 2901 ed.
1451 2863 1530 2903 Ox.
1563 2863 1604 2901 ΙΙ
1646 2874 1684 2911 p.
1723 2865 1805 2902 153
1837 2860 1858 2901 ὃ
1889 2863 1951 2901 καὶ

255 2931 350 2984 πρὶν
384 2931 552 2984 Θέογνιν
582 2929 785 2984 γεγονέναι
814 2929 1041 2981 κατείχομεν
1072 2931 1116 2969 et
1148 2929 1245 2968 Aul.
1273 2929 1380 2968 Geli.
1409 2930 1456 2968 N.
1477 2930 1527 2968 A.
1547 2930 1564 2967 I
1583 2930 1621 2977 3,
1647 2931 1697 2968 19
1725 2941 1748 2968 e
1776 2930 1952 2970 Lucilio.

198 3000 266 3040 Fr.
298 3000 399 3040 470.
442 2995 728 3049 Alterum-l),
769 2997 864 3037 coll.
908 2997 1083 3036 Thesm.
1127 2997 1225 3044 910,
1269 2996 1383 3035 delet
1416 2996 1477 3034 Bl.
1522 2996 1614 3034 Non
1654 2996 1777 3035 video
1809 3007 1952 3036 neces-

256 3067 451 3107 sitatem.

197 3134 265 3173 Fr.
298 3134 399 3173 474.
431 3132 527 3172 Vid.
559 3141 693 3182 supra
723 3132 776 3172 ad
810 3132 893 3171 347
913 3141 951 3170 a.

197 3201 263 3240 Fr.
296 3201 382 3240 482
415 3209 570 3250 parum
602 3208 900 3239 numerosum.
933 3196 1196 3236 Modulatius
1227 3195 1314 3234 BL:

1770 3266 1799 3291 1⁴
