2216 3522
1150 232 1177 271 6

289 363 356 403 Fr.
392 363 488 403 146.
522 359 756 408 Headlam,
789 357 886 398 coll.
918 356 1056 397 schol.
1088 354 1199 395 Nub.
1232 354 1339 395 984:

493 426 582 467 οὔτε
612 426 687 479 γὰρ
721 424 933 477 Κηκείδεια
960 419 1045 463 τάδ’
1082 418 1205 462 οὐκέτ’
1241 416 1333 461 οὔθ’
1367 415 1432 460 οἷα
1463 417 1557 459 τάπὶ
1591 416 1827 470 Χαριξένης.

346 483 555 545 Blaydes‘:
598 493 647 534 οὐ
690 492 744 543 μὰ
786 493 863 531 Δία
903 487 1006 531 ταῦτ’
1042 486 1124 530 ἔσθ’
1161 484 1226 530 οἷα
1257 486 1332 529 uti.
1364 487 1767 528 Grammaticorum
1798 485 1905 526 vilia
1934 494 2050 526 com·

346 566 496 605 menta
527 573 625 604 esse
656 571 765 611 quae
800 561 852 601 de
885 559 1132 601 Chorixena
1161 559 1343 598 narrant
1373 556 1533 596 merito
1564 554 1770 595 videntur
1802 553 1852 595 O.
1878 551 2054 604 Crusio,

346 641 505 673 nomen
551 633 701 671 autem
741 628 893 669 fictum
936 637 1034 668 esse
1069 628 1119 666 ut
1149 624 1278 674 Δεξώ,
1315 624 1461 676 Δωρώ,
1494 621 1758 675 Πασιχάρεια,
1788 620 1974 672 similia,
2005 623 2054 664 et

345 698 581 740 formulam
622 692 687 737 οἷα
726 694 819 736 τάπὶ
862 692 1084 745 Χαριξένης
1124 692 1371 743 significare
1408 690 1564 743 ἀμισθί.
1594 689 1678 731 Hic
1705 688 1798 730 illis
1832 690 1878 730 et
1905 686 2052 730 lenius

347 770 391 807 et
421 767 591 807 felicius
621 765 821 815 corrigit:

405 830 495 873 οὐκ
526 832 546 872 ἴ
551 833 574 872 δ
585 829 607 872 ι’
643 830 765 871 ἅττα
792 835 908 878 (cum
940 829 1083 875 Mein.)
1116 823 1283 868 κούκέτ’
1320 822 1408 867 ὄνθ’
1443 821 1509 866 οἷα
1539 823 1634 865 τάπὶ
1665 822 1914 877 Χαριξένηςς

288 904 315 943 i.
347 912 384 943 e.
418 911 597 942 nonne
637 900 777 947 (vobis
818 898 968 944 cecini)
1009 907 1151 938 nova
1187 895 1460 946 quaedam
1491 893 1632 934 mihi
1662 892 1896 944 propria
1925 899 2053 932 esse

348 980 520 1019 eaque
567 976 915 1017 nequaquam
971 965 1145 1005 vilia?
1186 964 1340 1004 eodem
1384 972 1519 1003 sensu
1567 971 1653 1011 quo
1698 971 1779 1011 ego
1820 958 2054 1011 aliquando

344 1037 574 1078 tentabam
607 1035 864 1076 violentius:

713 1100 834 1143 καινὰ
865 1100 959 1141 τάδε
990 1095 1151 1141 notius&
1189 1094 1254 1139 οἷα
1286 1095 1379 1138 τάπὶ
1411 1094 1647 1149 Χαριξένης.

345 1172 407 1213 Cf.
427 1172 472 1212 E.
485 1171 539 1212 Μ.
562 1170 844 1222 Ἀριστοφάνης
870 1165 929 1209 οὗ
955 1166 1012 1207 τὰ
1042 1165 1171 1207 κατὰ
1202 1165 1418 1218 μισθόν,
1450 1161 1530 1204 ἀλλ’
1561 1159 1648 1204 οἷον
1673 1162 1742 1203 καὶ
1766 1161 1895 1204 ἄλλα
1925 1162 2055 1203 τινά.

288 1240 354 1280 Fr.
393 1241 487 1280 151.
521 1239 568 1279 O.
601 1238 780 1279 Crusius
810 1239 1037 1288 praeterea
1067 1236 1195 1277 affert
1226 1234 1385 1276 Zenob.
1417 1234 1520 1275 Ath.
1551 1233 1573 1273 I
1605 1234 1662 1273 73
1694 1226 1726 1272 ὦ
1752 1230 1960 1272 Λακιάδαι
1986 1229 2056 1272 καὶ

346 1306 534 1346 στειλεαί.
552 1338 560 1346 .
578 1307 730 1357 ,δῆμος
772 1304 815 1345 δέ
856 1304 934 1345 ἐστι
978 1307 1147 1355 Αττικῆς
1189 1302 1231 1343 οἰ
1258 1301 1465 1342 Λακιάδαι
1495 1299 1614 1341 κάκεῖ
1638 1300 1860 1353 ῥαφανίδες
1890 1298 2056 1354 μεγάλαι

345 1375 535 1428 γίνονται·
576 1375 736 1422 ταύταις
767 1371 811 1413 δὲ
850 1378 1019 1425 χρῶνται
1060 1370 1159 1411 κατὰ
1199 1376 1278 1410 τῶν
1317 1367 1559 1421 ληφθέντων
1590 1374 1740 1421 μοιχῶν
1766 1367 2056 1421 ἐφυβρίζοντες.

350 1443 518 1493 ‚Herae
557 1452 712 1492 nugae.
756 1440 1062 1481 Aristodemus
1102 1441 1152 1479 ut
1190 1436 1495 1489 λακκόπρωκτος
1537 1438 1582 1478 et
1611 1435 1906 1488 λακαταπύγων
1940 1435 2059 1476 inter

347 1511 556 1551 Laciadas
587 1511 732 1550 artem
762 1519 891 1549 suam
922 1507 1108 1548 debebat
1138 1506 1390 1547 exercere.'’
1423 1505 1628 1555 Egregie!

290 1579 356 1619 Fr.
395 1578 477 1618 152
512 1578 576 1617 Bl.
611 1576 711 1629 πρὸς
743 1574 785 1615 δὲ
816 1571 962 1615 παιδίκ’
998 1568 1050 1614 αὖ
1082 1572 1225 1625 τρέπει.

290 1646 356 1686 Fr.
394 1646 490 1686 153.
524 1645 645 1685 Kock
681 1642 926 1695 ,ἀριθματοί
954 1643 1074 1694 CEP,
1103 1644 1150 1683 at
1179 1643 1225 1682 in
1252 1642 1512 1681 hexametro
1538 1650 1627 1681 non
1651 1640 1776 1681 locus
1800 1641 1872 1681 est
1890 1639 2060 1681 formae

344 1714 559 1753 doricae.”
582 1712 834 1762 Respondet
859 1710 1042 1751 Crusius
1077 1712 1149 1760 „at
1175 1709 1318 1760 Hippo
1343 1708 1571 1758 Rheginus
1596 1708 1955 1749 traducebatur”.
1980 1705 2061 1749 Oui

345 1790 426 1831 ego
471 1783 543 1830 „at
583 1778 804 1831 ἀριθματός
846 1789 933 1819 non
971 1780 1040 1818 est
1080 1778 1224 1818 forma
1255 1777 1421 1827 dorica,
1456 1777 1535 1817 sed
1566 1777 1921 1827 pseudo-dorica,
1954 1785 2058 1816 nam

347 1848 401 1888 ab
433 1846 621 1900 ἀριθμεῖν
654 1848 767 1898 apud
798 1847 937 1888 Dores
967 1847 1122 1887 eadem
1155 1856 1267 1896 quae
1292 1845 1407 1896 apud
1432 1845 1544 1886 alios
1578 1854 1735 1886 omnes
1766 1843 2062 1885 descendebat

350 1916 497 1956 forma
529 1914 764 1967 ἀριθμητός.

290 1984 356 2024 Fr.
393 1985 490 2024 154.
533 1983 683 2024 Nauck
719 1983 840 2023 addit
880 1982 998 2023 Suid.
1032 1992 1068 2022 s.
1100 1992 1141 2022 V.
1175 1979 1499 2032 ἐπιλησμότατον.
1535 2002 1589 2010 --
1626 1980 1691 2020 Bl.
1726 1976 1965 2032 ἕπιλησμοσῖ
1992 1993 2074 2031 pv..
2159 1970 2162 1973 Δ

348 2052 469 2101 epico
499 2062 580 2091 usu
614 2052 779 2091 tuetur.

290 2119 356 2158 Fr.
393 2119 490 2159 158.
524 2119 829 2159 Audacissime
855 2118 919 2157 Bl.
951 2113 1087 2169 γέγηθ’
1127 2115 1282 2168 <ἔγὼ>
1317 2115 1387 2156 τὸν
1418 2111 1527 2167 ἄνδρ’
1570 2112 1718 2167 <ὁρῶν
1753 2112 2057 2167 σεσυρμὲνον>.

349 2186 472 2227 Talia
501 2186 727 2227 emendari
759 2186 995 2235 nequeunt.

292 2255 359 2294 Fr.
398 2254 494 2295 162.
526 2253 877 2303 ὅιτιοδκα>σμὸς
909 2252 1129 2302 Hesychio
1161 2252 1302 2292 reddit
1334 2251 1536 2301 Blaydes.
1789 2279 1791 2281 »

293 2321 359 2361 Fr.
397 2322 494 2371 165,
528 2323 553 2361 2
585 2332 649 2370 sq.
693 2320 735 2360 ἕν
776 2323 902 2360 τοῖσιν
948 2319 1130 2372 ἀγροῖσιν
1157 2316 1163 2373 Ι
1192 2319 1248 2367 εἰς
1295 2318 1367 2370 τὴν
1407 2321 1528 2371 γαῖαν
1569 2317 1856 2371 κατεβάλλοντο
1897 2317 2063 2368 absque

350 2389 441 2429 ulla
472 2389 776 2440 probabilitate
809 2389 894 2438 Bl.‚
924 2389 996 2438 qui
1028 2398 1115 2428 non
1148 2387 1308 2428 melius
1339 2388 1484 2428 tentat
1513 2386 1566 2427 fr.
1602 2388 1685 2427 166
1718 2388 1763 2427 et
1798 2386 1896 2428 169.

294 2457 360 2497 Fr.
398 2458 493 2497 170.
536 2455 734 2508 ἀνειμένοι
765 2467 842 2507 pro
874 2455 1059 2507 ἀνέμενοι
1091 2455 1157 2496 Bi.
1190 2455 1252 2496 De
1283 2457 1428 2496 metro
1460 2465 1547 2496 non
1578 2457 1768 2495 constat.

294 2524 361 2564 Fr.
399 2526 494 2564 176.
537 2525 751 2574 Didymus
794 2524 987 2575 explicat
1028 2521 1070 2563 ἐκ
1112 2528 1339 2575 μεταφορᾶς
1380 2520 1504 2562 οἷονεί
1534 2520 1630 2575 ἔργα
1659 2520 1728 2562 καὶ
1759 2520 1940 2574 πράξεις,
1968 2530 2063 2573 pro·

354 2591 485 2631 bante
516 2592 564 2632 Ο.
600 2592 766 2632 Crusio.

296 2659 363 2698 Fr.
399 2660 494 2708 181,
533 2661 568 2699 1.
598 2659 712 2699 Olim
745 2670 824 2709 ego
847 2657 1120 2710 ἐπαναθρέξαι
1152 2659 1249 2705 (hoc
1280 2660 1383 2698 ante
1416 2657 1726 2704 Fritzschium)
1749 2679 1800 2687 —
1819 2651 1963 2704 σου’ς
1993 2653 2063 2696 τὸν

353 2725 489 2777 λόγον,
517 2730 669 2776 postea
693 2727 820 2776 (quod
843 2727 1056 2776 hodieque
1083 2726 1241 2776 placet)
1265 2723 1530 2777 ἒξανατρέψαι
1549 2747 1603 2754 -
1626 2736 1700 2765 σου
1731 2723 1800 2764 τὸν
1826 2722 1946 2776 λόγον
1970 2732 2064 2774 pro·

355 2794 586 2843 ponebam,
620 2805 734 2835 nunc
765 2795 915 2836 nescio
941 2805 1026 2844 quo
1052 2804 1188 2834 sensu
1215 2793 1279 2834 Bl.
1309 2791 1582 2845 ἐπανατρέψαι
1609 2787 1772 2844 βούλομ’
1801 2790 1857 2839 εἰς
1882 2788 1953 2831 τὸν
1968 2781 2086 2843 nolus

355 2860 492 2912 λόγον,
522 2864 598 2902 aut
629 2861 683 2909 εἴς
715 2873 787 2902 σου
814 2862 882 2902 τὸν
909 2862 1047 2915 λόγον,
1079 2862 1336 2913 improbans
1353 2872 1420 2902 vs.
1449 2862 1474 2901 2
1500 2858 1573 2912 μὲν
1598 2860 1798 2901 additum
1824 2869 1852 2899 a
1876 2857 2063 2906 Kockio,

356 2930 401 2967 et
437 2928 532 2967 sine
576 2930 841 2969 necessitate
882 2940 948 2970 vs.
982 2931 1008 2969 4
1052 2944 1118 2980 μοι
1161 2931 1342 2970 mutans
1385 2929 1428 2969 in
1470 2926 1548 2967 καὶ.
1591 2927 1757 2968 Cratini
1789 2926 1924 2967 verba
1953 2925 2068 2966 satis

358 2999 473 3035 recte
505 2998 720 3036 tractasse
754 2998 927 3037 videtur
958 2996 1096 3038 Kock.

302 3061 368 3101 Fr.
407 3063 501 3102 183.
545 3063 699 3103 Verbis
739 3064 893 3105 Kockii
935 3074 1035 3115 ego
1077 3063 1328 3114 glossam
1371 3072 1477 3103 non
1508 3062 1733 3112 repperi
1769 3059 1920 3102 Nauck
1965 3058 2064 3101 Hel.

363 3129 415 3169 VI
434 3142 472 3179 p.
492 3132 546 3170 64
575 3132 806 3180 respondet
832 3132 1017 3182 ,iegitur
1036 3131 1118 3173 sub
1133 3131 1345 3172 lemmate
1362 3130 1467 3171 Hes.
1486 3131 1690 3180 corrupto
1716 3144 1753 3168 α.
1780 3126 2066 3180 aucupum

303 3197 368 3236 Fr.
405 3197 500 3244 186,
535 3197 596 3236 Bl.
626 3194 788 3245 Ἰλισσός
820 3201 911 3245 (sic)
945 3195 1017 3239 ἐστ’
1054 3197 1096 3239 ἐν
1128 3199 1280 3251 φάρυγι
1312 3197 1444 3244 (male
1475 3198 1571 3238 sine
1602 3196 1801 3243 articulo)
1832 3197 2066 3246 postquam

362 3266 476 3303 recte
518 3264 619 3303 alibi
654 3265 772 3305 Kock
805 3267 1058 3307 emendavit
1084 3262 1225 3314 Ἰλισὸς
1257 3266 1396 3311 (bene)
1437 3261 1463 3316 ἡ
1494 3264 1648 3317 φάρυξ,
1677 3263 1763 3304 nisi
1799 3262 1914 3313 quod
1946 3262 2069 3304 debe·

2159 3209 2216 3274 A

2189 3295 2216 3348 κ’
