2216 3522
1062 195 1112 234 71

257 331 342 366 κας·
384 317 434 358 οὐ
474 318 527 358 τὼ
570 315 658 371 χεῖρ’
694 317 851 369 ἀφέξεις
881 335 959 368 -;
1000 320 1083 360 Sed
1124 320 1224 359 vide
1266 329 1321 359 ne
1352 320 1567 359 traditum
1599 317 1775 366 ἀποίσεις
1806 319 1968 359 melius

256 387 465 437 iungatur
495 398 598 428 cum
629 386 812 427 ἐκποδών
843 398 977 437 quam
1009 386 1166 438 ἀφέξεις
1198 389 1243 428 61
1275 387 1327 427 cf.
1361 388 1434 427 Ar.
1467 388 1566 427 Pac.
1604 387 1714 426 1221
1749 383 1961 439 ἀπόφερ’

258 452 307 531 ἐς
335 453 579 508 κόρακας
610 455 761 495 Malim
792 455 925 505 igitur
955 456 1050 496 sine
1075 456 1379 495 distinctione:

466 521 515 570 ἐς
544 521 774 575 κόρακας
805 522 854 563 οὐ
885 521 938 562 τὼ
968 519 1058 576 χεῖρ’
1092 521 1337 570 ἀποίσεις
1369 520 1551 561 ἐκποδὼν
1582 520 1680 570 215.-

198 590 267 631 Fr.
303 590 370 641 12,
404 591 445 631 3.
477 591 527 631 In
558 589 645 642 ἥκει
674 589 819 643 τρέχων
849 591 925 630 vix
957 591 1051 631 iure
1083 591 1236 631 haeret
1266 590 1331 630 Bl.
1362 589 1712 640 improbabiliter
1743 590 1963 630 coniciens

258 655 444 707 ὀξύτατος
486 661 563 699 aut
607 660 725 712 ταχύς
766 659 978 707 (voluitne
1019 657 1205 707 ὀξύτατος
1247 658 1334 710 ἥκει
1372 657 1443 699 vel
1475 657 1563 709 ἥκει
1593 657 1711 709 ταχύς
1723 659 1772 708 ?),
1815 658 1962 707 inepte

258 727 482 777 explicans
512 728 646 768 verba
675 727 750 768 οὐκ
776 725 885 775 ἄξιος
910 727 1128 779 τριωβόλου
1160 737 1263 767 11011
1296 726 1470 775 levis;
1503 736 1613 775 quae
1640 726 1678 765 si
1705 736 1814 766 sana
1840 730 1963 777 sunt,

257 795 367 834 nihil
412 795 530 836 aliud
577 795 824 846 significare
870 797 1058 846 possunt
1097 806 1229 845 quam
1271 796 1417 844 ipsum
1460 795 1752 844 contrarium,
1802 793 1971 834 levis.

257 863 411 904 Nonne
441 866 592 904 autem
623 865 766 904 dicere
796 865 938 914 potuit
969 866 1098 914 poeta
1129 875 1230 904 eum
1265 864 1338 912 qui
1370 863 1552 903 meridie
1583 861 1693 902 ficus
1730 862 1971 902 comederit

258 931 374 972 levi
404 931 514 971 febri
545 932 722 982 corripi,
759 942 870 981 quae
900 932 999 972 bilis
1014 932 1234 972 vomitum
1254 930 1415 970 efficiat
1431 931 1696 970 dormienti?
1723 930 1835 969 Num
1854 930 1968 970 enim

258 999 474 1039 eiusmodi
514 999 648 1039 febris
688 1000 886 1049 gravis
928 1001 987 1040 sit
1026 1010 1207 1040 necesse
1239 1000 1339 1039 est?
1381 999 1539 1039 Gravis
1570 999 1704 1038 febris
1736 1009 1965 1049 somnum,

255 1068 302 1107 ni
330 1067 472 1118 fallor,
504 1068 751 1118 impediret.
783 1068 943 1108 Dubito
976 1069 1110 1118 igitur
1140 1078 1248 1108 num
1280 1069 1398 1108 recte
1431 1068 1547 1107 hunc
1578 1077 1757 1107 versum
1789 1067 1834 1106 in
1867 1067 1967 1106 vitii

256 1134 551 1184 suspicionem
583 1136 808 1176 vocaverit
839 1136 975 1176 Kock.

201 1203 270 1243 Fr.
316 1203 383 1253 13,
430 1204 467 1242 1.
514 1201 761 1254 νειφέτω,
817 1204 930 1253 quod
977 1204 1106 1244 unice
1151 1214 1359 1253 graecum
1407 1203 1594 1253 videtur,
1642 1204 1872 1242 revocetur
1912 1213 1968 1242 ex

256 1270 475 1311 Athenaei
506 1271 598 1312 cod.
631 1272 683 1311 A.

199 1338 269 1379 Fr.
306 1339 374 1378 15.
407 1339 509 1379 Sine
535 1350 671 1380 causa
698 1340 855 1380 idonea
878 1340 944 1380 Bl.
972 1338 1110 1392 ἔχομεν
1135 1338 1210 1392 γὰρ
1238 1341 1315 1380 3111
1340 1335 1419 1378 ἀλλ’
1449 1337 1598 1390 ἔχομεν.
1616 1339 1660 1378 Si
1678 1339 1779 1387 quid
1796 1340 1966 1378 mutan-

257 1406 382 1456 dum,
409 1409 573 1456 quanto
598 1408 859 1457 probabilior
881 1410 950 1448 est
965 1408 1196 1448 lenissima
1211 1408 1394 1448 Porsoni
1411 1407 1677 1456 coniectura,
1696 1407 1771 1446 sed
1789 1417 1844 1446 ne
1860 1407 1969 1446 haec

257 1475 432 1524 quidem
460 1475 587 1525 plane
613 1477 733 1515 certa
758 1477 843 1526 est,
873 1477 976 1524 quia
1001 1477 1258 1525 ignoramus
1284 1476 1386 1524 quid
1412 1476 1613 1514 secutum
1641 1475 1700 1513 sit
1725 1475 1824 1523 post
1842 1484 1905 1513 VS.
1925 1475 1965 1513 3.

199 1542 269 1582 Fr.
305 1543 372 1583 17.
420 1543 457 1581 τί
501 1542 704 1582 πτιστικόν
745 1543 829 1593 Β1.,
877 1553 965 1583 11011
1007 1544 1095 1583 alia
1135 1544 1187 1583 de
1227 1553 1362 1583 causa
1402 1553 1534 1592 quam
1566 1542 1678 1591 quod
1711 1542 1793 1581 hoc
1824 1542 1965 1582 dicere

257 1610 424 1661 placuit
454 1611 703 1661 Phrynicho
735 1612 787 1652 fr.
824 1613 891 1651 14.
926 1612 1030 1661 Quis
1062 1612 1241 1651 credat?

199 1741 427 1798 Philyuii
458 1745 510 1784 fr.
544 1746 584 1784 3.
618 1744 749 1796 μύρου
782 1760 817 1783 τι
850 1744 977 1784 malit
1008 1744 1163 1784 Naber.

199 1812 268 1853 Fr.
301 1813 342 1852 4.
376 1812 478 1852 Sine
509 1812 599 1852 ulla
630 1822 764 1852 causa
793 1812 858 1851 Bl.
891 1813 1217 1862 transponendo
1251 1823 1273 1852 e
1299 1812 1575 1851 tetrametris
1596 1812 1822 1851 trimetros
1846 1810 1963 1850 facit.

256 1880 503 1921 Permirum
534 1880 680 1921 hercle
710 1880 824 1920 foret
848 1880 983 1919 verba
1009 1880 1125 1919 ultro
1152 1882 1515 1920 tetrametrorum
1540 1880 1728 1919 formam
1747 1879 1964 1918 induisse!

197 1948 266 1988 Fr.
301 1949 342 1998 6,
379 1950 417 1988 1.
449 1947 525 1987 σὺν
557 1944 587 2003 ᾧ
619 1948 806 1988 DIndorf
833 1948 1057 1996 aliquanto
1090 1947 1355 1997 probabilius
1387 1958 1520 1996 quam
1551 1948 1615 1987 Bl.
1648 1953 1811 1999 συχνῶς.

195 2017 264 2056 Fr.
303 2017 343 2067 7,
378 2018 418 2056 3.
469 2015 647 2067 τοῦνομα
693 2016 758 2056 Β1.
794 2039 847 2045 —-
880 2016 941 2055 Vs
975 2016 1014 2056 2.
1058 2016 1206 2055 Malim
1253 2012 1353 2054 τόδ’
1404 2011 1503 2066 αὔτ’,
1544 2016 1646 2064 quia
1685 2015 1870 2055 refertur
1910 2015 1964 2054 ad

253 2094 442 2133 sequens
473 2084 735 2124 vocabulum
768 2083 973 2135 μετρητήν.

196 2152 265 2192 Fr.
302 2153 370 2193 12.
411 2150 582 2192 <ἀλλὰ>
621 2156 788 2192 σπαθᾶν
819 2153 987 2192 11166113
1018 2153 1270 2191 coniectura
1300 2151 1474 2200 supplet
1504 2151 1568 2190 Bl.

196 2219 264 2259 Fr.
302 2221 369 2270 13,
404 2221 444 2260 3.
492 2220 615 2261 Kock
660 2219 882 2272 σπάρος,
927 2218 1182 2270 ἀνθρακίδες.
1232 2219 1325 2259 Non
1374 2219 1510 2268 male,
1564 2219 1692 2258 modo
1740 2220 1965 2258 constaret

257 2284 502 2339 ἀνθρακίδες
525 2288 739 2328 Graecum
759 2297 856 2327 esse
869 2303 924 2318 =
938 2285 1252 2336 ἐπανθρακίδες,
1275 2297 1384 2335 quae
1403 2286 1638 2326 difficultas
1654 2287 1814 2335 premit
1830 2287 1965 2326 etiam

255 2353 466 2394 Dindorfii
497 2356 794 2395 coniecturam
825 2354 960 2405 πάρα
997 2351 1024 2393 τ’
1063 2353 1321 2405 ἀνθρακίδες.
1352 2355 1557 2394 Fortasse
1583 2354 1816 2403 legendum
1852 2350 1958 2403 πάρ’

255 2420 576 2473 ἐπανθρακίδες,
601 2425 651 2463 111
677 2433 740 2462 vs.
766 2423 791 2462 3
819 2432 982 2462 novum
1010 2422 1069 2462 sit
1094 2422 1415 2471 fragmentum,
1443 2432 1553 2470 quae
1581 2421 1714 2461 etiam
1742 2421 1963 2470 Blaydesii

256 2491 325 2529 est
365 2490 512 2540 opinio
543 2490 596 2530 ob
632 2500 814 2530 casuum
848 2490 1156 2529 mutationem.
1199 2489 1293 2529 Non
1324 2489 1435 2529 satis
1467 2499 1627 2528 causae
1657 2490 1726 2528 est
1756 2499 1831 2528 cur
1862 2499 1961 2528 cum

256 2557 338 2597 hoc
382 2567 449 2598 vs.
483 2559 508 2597 3
556 2558 710 2610 τρίγλη,
755 2562 951 2608 σαῦρος
997 2567 1074 2607 pro
1116 2555 1309 2608 σάργος
1352 2557 1571 2607 legamus,
1615 2556 1726 2604 quod
1767 2556 1962 2606 Ephippo

257 2625 320 2664 111
352 2625 408 2664 33
442 2627 486 2665 et
518 2625 814 2665 Mnesimacho
845 2624 909 2664 III
941 2625 1027 2665 560
1060 2626 1295 2673 utrumque
1325 2623 1492 2673 piscem
1524 2623 1726 2672 copulare
1756 2623 1931 2672 placuit.

197 2692 264 2731 Fr.
302 2694 369 2732 14.
401 2691 583 2733 Temere
609 2691 907 2742 κοσκινοπώλης
925 2691 1010 2742 BL,
1040 2691 1152 2740 quod
1178 2701 1436 2741 praegresso
1463 2690 1674 2730 vocabulo
1695 2687 1960 2742 ἀνθρακοπώ-

255 2761 276 2798 λ
277 2774 326 2810 ης
356 2759 472 2799 haud
501 2760 629 2800 facile
661 2760 705 2799 in
735 2758 1016 2806 κοσκινοποιός
1049 2760 1269 2798 mutasset
1298 2758 1516 2798 librarius.

197 2827 265 2868 Fr.
302 2828 369 2868 19.
402 2826 629 2881 ἀμυγδάλαι
669 2830 746 2868 aut
787 2825 1019 2879 ἀμυγδάλας
1052 2827 1179 2867 malit
1211 2826 1601 2877 Β1.,0011.Ῐ“1“.25
1635 2826 1678 2864 et
1708 2824 1870 2874 Diphili
1903 2826 1960 2864 1V

256 2894 343 2934 413
362 2895 414 2934 M.
448 2895 529 2935 Pro
556 2896 824 2936 Meinekiano
851 2893 1076 2947 ἀμυγδάλια
1102 2895 1206 2935 facit
1232 2904 1421 2943 sequens
1438 2893 1762 2933 deminutivum
1778 2893 1961 2944 καρύδια.

198 2962 267 3002 Fr.
302 2963 370 3013 20,
405 2964 444 3003 3.
477 2964 541 3004 Bl.
574 2965 648 3006 eft.
681 2965 864 3004 Philem.
897 2963 956 3003 1v
988 2964 1043 3003 43
1063 2963 1116 3003 M.

198 3029 265 3070 Fr.
300 3030 370 3070 24.
402 3029 689 3072 coniecturis
700 3031 820 3071 addit
845 3031 961 3071 idem
995 3025 1185 3072 <οἷνον>
1207 3026 1362 3078 παρέξω
1380 3026 1579 3080 Λέσβιον,
1605 3030 1707 3067 Χῖον
1734 3026 1889 3080 σαπρὸν
1917 3027 1922 3080 Ι
1952 3057 1963 3078 ,

261 3097 430 3149 Θάσιον,
459 3089 762 3141 ψ’-υ-Ι-ψ-ὐ
795 3099 1001 3150 Βίβλινον,
1028 3095 1033 3150 Ι
1064 3096 1291 3146 Μενδαῖον,
1321 3094 1417 3134 ὥστε
1447 3091 1581 3146 μηδέν’
1623 3093 1814 3146 <ὖμῶν>
1850 3110 1959 3146 κραι-

256 3167 399 3204 παλᾶν.
433 3165 633 3217 Βύβλινον
663 3167 781 3206 recte
813 3166 932 3205 dedit
964 3165 1104 3215 Kock,
1142 3173 1407 3213 quamquam
1440 3163 1583 3203 forma
1615 3164 1802 3205 deterior
1831 3173 1960 3213 saepe

258 3234 462 3274 traditur.
