2216 3522
1084 207 1170 247 180

238 334 306 374 Fr.
339 333 439 373 908.
473 331 696 372 Inutiliter
727 332 931 383 supplere
963 334 1148 373 conatur
1178 331 1263 381 BL,
1297 341 1400 370 nam
1434 329 1568 371 variis
1600 330 1759 381 modis,
1795 330 1822 371 i.
1840 341 1877 374 e.
1909 330 2007 372 sine

299 401 389 441 ulla
424 399 751 450 probabilitate,
786 400 827 439 id
861 399 955 440 fleri
988 401 1146 450 potest.

242 470 309 509 Fr.
342 468 441 508 913.
474 467 699 520 πατάγημα.
731 467 793 507 Ut
823 468 999 519 λάλημα,
1029 465 1182 519 ἅλημα,
1213 465 1472 517 παιπάλημα,
1502 468 1668 516 τρῖμμα,
1698 467 1780 506 etc.
1812 466 1923 513 (BL).

243 538 308 577 Fr.
342 537 442 576 918.
475 535 536 575 De
567 535 709 575 forma
740 533 868 575 οὐθέν
895 536 1053 585 ubique
1080 536 1301 576 reddenda
1327 533 1564 574 Menandro
1591 534 1690 574 vide
1716 544 1828 584 quae
1853 535 2008 586 scripsi

299 616 334 645 s.
369 615 409 644 v.
441 603 581 651 οὐθείς
612 625 670 631 -
701 603 846 655 μηθείς
879 605 922 644 in
955 605 1114 645 Lexico
1146 614 1246 644 meo
1279 603 1427 653 Suppl.
1462 604 1506 642 et
1537 602 1638 643 dial.
1671 613 1710 653 p.
1746 604 1847 644 605.

244 673 308 711 Fr.
342 673 441 721 9:33,
477 674 516 711 5.
558 670 748 721 φίλτατον
789 682 875 711 non
914 672 1174 711 mendosum
1208 674 1295 721 est,
1330 672 1379 710 ut
1412 670 1586 710 videtur
1618 670 1701 720 Bl.,
1734 670 1812 711 sed
1843 670 2010 721 optime

300 740 566 789 explicatum
600 749 626 778 a
658 739 886 779 Meinekio.

243 809 308 847 Fr.
342 809 442 847 924.
565 804 618 854 ὡς
651 806 957 858 Ἀλεξανδρῶδες
989 805 1069 858 ἤδη
1101 812 1229 846 τοῦτο·
1263 803 1339 845 κᾶν
1371 806 1471 857 ζητῶ
1502 821 1642 857 τινα,

566 873 789 926 αὐτόματος
821 870 937 922 οὗτος
968 873 1234 926 παρέσται·
1267 871 1343 913 κᾶν
1376 874 1555 913 διελθεῖν
1587 873 1789 925 δηλαδὴ

567 941 634 981 διὰ
665 942 865 994 θαλάττης
898 940 989 998 δέῃ
1023 942 1145 983 τόπον
1178 939 1265 993 τιν’,
1292 937 1413 990 οὗτος
1445 940 1590 982 ἔσται
1621 957 1689 993 μοι
1719 941 1850 994 βατός.

302 1012 372 1051 Vs.
412 1013 446 1051 1.
480 1011 599 1051 Kock
632 1009 723 1062 ἤδη·
756 1010 884 1050 πάτον
912 1009 1001 1061 ἐάν,
1032 1013 1079 1051 at
1110 1021 1250 1060 neque
1283 1016 1398 1050 τοῦτο
1423 1011 1655 1051 commode
1682 1011 1837 1052 abesse
1862 1011 2010 1060 potest

299 1090 439 1129 neque
470 1079 592 1126 πάτος
624 1082 693 1119 est
723 1080 916 1120 comicae
948 1080 1170 1131 dictionis,
1198 1080 1275 1120 sed
1308 1080 1489 1120 Homeri
1521 1082 1566 1120 et
1591 1079 2008 1128 Alexandrinorum,

300 1148 446 1196 itaque
488 1148 582 1187 vitii
614 1148 742 1188 sedes
773 1163 861 1186 τινα
895 1148 1081 1198 videtur,
1111 1159 1188 1198 pro
1223 1159 1308 1198 quo
1335 1147 1428 1188 fleri
1454 1150 1602 1198 potest
1630 1149 1678 1188 ut
1703 1147 1835 1187 fuerit
1859 1145 2009 1199 τρίβον.

300 1215 416 1255 Bene
448 1217 598 1255 autem
630 1225 679 1255 se
711 1214 845 1255 habet
875 1213 971 1264 κάν,
1001 1216 1038 1255 si
1071 1215 1437 1256 admirabundam
1471 1215 1841 1255 exclamationem
1871 1211 1926 1262 ὧς
1954 1235 2007 1242 -

297 1288 412 1322 τοῦτο
445 1283 640 1332 parasito
672 1284 940 1324 assentatori
971 1284 1151 1334 gloriosi
1180 1283 1408 1323 cuiusdam
1437 1283 1594 1323 militis
1619 1282 1881 1332 tribuentes,
1909 1281 2011 1321 huic

301 1350 506 1396 (militem
552 1350 664 1402 dico)
713 1352 758 1391 in
805 1352 1011 1392 iactando
1058 1352 1257 1402 pergenti
1304 1351 1472 1400 reliqua
1518 1350 1823 1391 adscribimus.
1863 1349 1939 1390 Vs.
1982 1349 2008 1388 2

300 1422 343 1458 et
377 1420 401 1458 3
443 1429 520 1469 pro
562 1417 751 1470 παρέσται
790 1421 834 1459 et
874 1418 979 1458 ἔσται
1017 1420 1269 1469 praesentia
1309 1419 1597 1468 expectabam
1630 1428 1730 1458 cum
1762 1417 2008 1467 Blaydesio.

301 1486 348 1525 In
382 1486 560 1535 reliquis
591 1487 807 1526 caecutire
834 1497 905 1526 me
931 1487 1086 1537 fateor,
1112 1497 1252 1536 neque
1278 1486 1415 1536 enim,
1445 1487 1494 1526 ut
1520 1486 1722 1536 antehac,
1748 1485 1859 1526 mihi
1884 1484 2013 1525 hodie

299 1554 521 1594 satisfacit
547 1565 610 1594 vs.
630 1555 655 1594 3
686 1554 838 1594 Kockii
865 1555 1117 1595 coniectura
1140 1554 1267 1606 πόρον
1294 1564 1370 1604 pro
1387 1553 1530 1604 τόπον,
1549 1564 1689 1603 neque
1705 1553 1808 1594 ferri
1824 1554 2013 1604 possunt

302 1632 412 1670 quae
444 1622 607 1671 profert
638 1622 726 1662 Bl.:
768 1620 844 1661 κᾶν
882 1622 1057 1662 διελθεῖν
1088 1637 1172 1662 ποι
1205 1620 1295 1678 δὲῃ
1327 1620 1414 1661 διὰ
1451 1620 1652 1673 θαλάττης
1685 1621 1739 1670 εἰς
1770 1621 1895 1662 τόπον
1925 1616 2013 1676 τιν’,

303 1684 419 1736 οὗτός
461 1687 540 1728 ἐστι
581 1704 649 1739 μοι
688 1690 826 1742 βατός,
866 1691 969 1740 quia
999 1691 1223 1731 sententia
1254 1690 1494 1730 manifesto
1526 1689 1771 1739 postularet
1800 1689 1903 1742 αὕτη
1932 1687 2016 1729 ἐστί

301 1772 367 1807 μοι
398 1757 518 1808 βατή,
550 1760 598 1797 ut
631 1759 808 1798 mittam
842 1759 1038 1808 ineptam
1071 1758 1388 1799 abundantiam
1420 1771 1490 1797 ποι
1517 1755 1588 1811 δέῃ
1607 1781 1660 1787 -
1688 1757 1743 1805 εἰς
1770 1757 1894 1798 τόπον
1924 1753 2010 1797 τιν’.

301 1825 503 1864 Ceterum
546 1825 626 1865 sub
669 1826 811 1865 otioso
843 1824 1018 1877 δηλαδὴ,
1048 1827 1092 1866 in
1126 1837 1209 1875 quo
1241 1825 1401 1865 merito
1434 1826 1615 1865 haerere
1648 1825 1834 1876 videtur,
1866 1826 2014 1876 potius

302 1893 411 1932 latet
457 1891 507 1943 δὴ
555 1890 635 1947 δέῃ.
684 1894 745 1933 Ne
794 1894 837 1933 in
884 1895 1151 1943 gravissima
1191 1894 1448 1943 quaestione
1494 1893 1580 1932 sim
1629 1894 1722 1943 ipse
1765 1891 2012 1946 ἀσύμβολος,

302 1961 438 1999 donec
469 1961 633 2000 certius
665 1962 920 2011 reperiatur,
956 1962 1285 2002 dubitabundus
1320 1970 1535 2011 propono:

1133 2026 1209 2068 κᾶν
1242 2028 1418 2067 διελθεῖν
1451 2026 1509 2078 δὴ
1542 2027 1566 2067 δ
1578 2026 1632 2083 έῃ

523 2094 590 2134 διὰ
621 2095 820 2147 θαλάττης
851 2094 934 2135 ἐπὶ
966 2096 1091 2136 τόπον
1122 2093 1208 2147 τιν’,
1237 2091 1354 2143 οὗτος
1386 2093 1468 2135 ἔστί
1496 2110 1563 2147 μοι
1594 2095 1727 2147 βατός.

304 2164 329 2203 i.
349 2174 385 2203 e.
418 2165 471 2203 et
502 2164 548 2203 si
581 2165 833 2204 transire
866 2175 1013 2204 mare
1045 2175 1139 2214 per
1170 2165 1508 2204 distantiam
1541 2164 1816 2213 quandam
1849 2173 2007 2218 opus,

305 2232 438 2271 haec
484 2231 721 2280 pedibus
769 2232 1139 2282 permeabilis
1187 2233 1324 2272 mihi
1371 2234 1472 2272 est.
1516 2232 1596 2282 Qui
1638 2242 1765 2286 usus,
1808 2233 1858 2272 ut
1898 2233 2008 2271 tem·

302 2299 464 2349 poralis
509 2299 572 2339 ita
617 2299 787 2350 localis,
837 2301 1174 2350 praepositionis
1220 2298 1284 2340 ἐπὶ
1326 2310 1428 2341 cum
1468 2300 1724 2340 accusativo
1760 2300 1804 2339 in
1852 2297 2010 2349 vulgus

303 2370 435 2407 notus
467 2370 550 2407 est.

246 2435 310 2474 Fr.
344 2436 443 2474 926.
476 2435 537 2474 De
569 2434 727 2474 infelici
762 2435 915 2475 Kockii
948 2436 1256 2486 supplemento
1288 2438 1406 2476 recte
1437 2436 1500 2475 Bl.
1550 2436 1681 2486 „Mire
1713 2434 2010 2475 consociaren-

301 2505 372 2542 tur
404 2513 515 2551 pavo
546 2504 591 2542 et
621 2502 830 2542 milvus.’'
864 2503 1004 2543 Locus
1035 2504 1144 2543 mihi
1176 2506 1246 2544 est
1275 2503 1579 2553 perobscurus.

246 2570 311 2608 Fr.
345 2571 445 2609 928.
494 2570 707 2609 Headlam
749 2569 813 2609 δεῖ
846 2569 920 2622 γὰρ
962 2567 1205 2611 πλουτοῦνθ’
1247 2570 1453 2621 ὑπόπτως,
1491 2571 1587 2612 coll.
1619 2571 1671 2611 fr.
1705 2571 1806 2620 666,
1844 2570 1890 2619 1;
1924 2569 2009 2610 vio·

303 2637 548 2676 lentissime
574 2637 762 2686 Blaydes
794 2637 858 2676 δεῖ
883 2637 957 2690 γάρ
989 2652 1035 2689 με
1061 2640 1247 2678 πλουτεῖν
1273 2637 1531 2677 λανθάνοντα
1558 2637 1761 2689 μάρτυρας
1784 2633 1801 2689 ΙΙ
1822 2635 2013 2687 πολλούς,

303 2702 408 2750 ὅπως
450 2703 503 2755 μὴ
541 2704 633 2751 τοὺς
665 2702 840 2756 ὁρῶντας
873 2703 1029 2756 ἕξομεν,
1059 2707 1174 2746 mira
1205 2705 1459 2756 tautologia.
1493 2706 1591 2755 Ipse
1623 2704 1728 2745 olim
1760 2703 2008 2744 tentabam:

363 2772 445 2810 δεῖ
471 2771 586 2824 γάρ,
612 2769 673 2810 ἂν
704 2774 943 2812 πλουτῶν
977 2774 1157 2828 τύχῃς,
1187 2772 1242 2824 μὴ
1274 2772 1474 2825 μάρτυρας
1506 2772 1677 2819 πολλούς
1713 2766 1832 2813 <σ’>
1867 2769 1970 2823 ἔχειν

363 2839 453 2886 τοὺς
486 2837 671 2891 ὁρῶντας.

307 2906 442 2946 Hodie
474 2907 626 2947 malim
660 2909 821 2957 partim
854 2918 954 2949 cum
983 2908 1251 2950 Headlamo:
1284 2908 1368 2948 δεῖ
1393 2905 1467 2957 δέ,
1497 2905 1561 2958 μὴ
1592 2909 1822 2962 πλουτῇς
1853 2903 2009 2946 ὑπόπ-

304 2988 415 3022 τως,
454 2974 654 3025 μάρτυρας
694 2975 866 3023 πολλούς
903 2972 1023 3016 <σ’>
1059 2974 1160 3028 ἔχειν
1202 2974 1297 3027 κτέ.,
1327 2975 1421 3016 scil.
1453 2974 1527 3024 qui
1560 2976 1780 3015 testentur
1808 2976 1853 3015 te
1885 2972 2025 3031 bonis⁴

304 3042 470 3081 artibus
501 3043 680 3082 divitias
710 3046 810 3083 tuas
841 3044 1049 3094 adeptum
1083 3054 1194 3084 esse.

249 3108 299 3146 Fr
318 3111 430 3148 329.
450 3109 760 3159 Corrigendum
779 3116 951 3163 συγγενῆ
969 3122 1045 3162 pro
1062 3110 1203 3164 εὐγενῆ
1221 3112 1264 3151 in
1282 3111 1476 3151 Crameri
1495 3110 1655 3151 Anecd.
1674 3110 1754 3150 Ox.
1774 3110 1834 3149 111
1853 3109 1953 3160 247,
1966 3110 2007 3150 5.

250 3176 313 3214 Fr·
332 3178 431 3215 932.
462 3179 574 3216 Ante
593 3178 655 3217 Bl.
674 3178 841 3228 φορτίον
868 3178 1070 3228 probavit
1095 3178 1248 3230 Cobet,
1273 3181 1482 3219 monente
1498 3177 1709 3229 Nauckio,
1728 3178 1801 3227 qui
1818 3177 1892 3218 cst.
1909 3176 2009 3218 Eur.

305 3242 430 3283 Herc.
464 3245 549 3283 638
582 3248 623 3284 et
668 3245 786 3285 sent.
821 3249 931 3295 sept..
964 3256 1055 3295 sap.
1093 3247 1175 3287 188
1212 3245 1435 3298 βαρύτατόν
1466 3243 1571 3285 ἐστιν
1601 3243 1727 3296 ἄχθος
1758 3241 2008 3284 ἀπαιδευσία.
