2216 3522
1094 203 1180 245 226

258 334 323 373 Fr.
361 335 456 373 141.
506 331 719 383 Quidquid
773 331 825 370 dc
881 331 1143 370 coniecturis
1191 329 1426 379 propositis
1474 329 1752 369 iudicandum
1799 330 1886 379 est,
1934 339 2021 371 non

315 399 557 440 ridicule
600 399 641 444 (i.
675 408 712 438 e.
747 397 829 437 ioci
870 400 1037 447 causa),
1083 399 1130 437 ut
1170 397 1327 437 editori
1360 396 1636 446 videbantur,
1668 397 1744 437 sed
1777 397 2021 439 absurde

315 477 425 517 quae
456 466 692 506 traduntur
721 464 840 505 dicta
869 466 972 504 sunt
1005 466 1050 504 et
1081 463 1229 514 procul
1262 463 1392 504 dubio
1422 465 1672 504 monstrum
1704 463 1842 504 alunt.

256 535 324 575 Fr.
362 535 457 574 142.
490 532 596 573 πυὸν
615 555 667 562 -
687 531 871 587 πυριάτῃ.
904 531 966 572 Cf.
1000 533 1074 572 Ar.
1107 531 1238 581 VeSp.
1275 531 1372 571 709.
1403 552 1461 558 —
1485 531 1550 571 Bl.
1578 531 1675 571 vult
1704 530 1920 583 πυριᾶτου,
1944 532 2021 573 sed

314 602 366 643 cf.
418 598 711 653 ὑπερπλησθεὶς
759 597 866 654 μέθῃ
915 600 1046 650 Soph.
1088 599 1135 640 O.
1169 599 1218 639 R.
1264 600 1363 648 779,
1419 599 1490 638 ubi
1538 599 1757 648 quondam
1799 599 2019 640 malebam

313 668 452 721 μέθης.
488 692 539 698 -
574 669 754 708 Frustra
786 667 907 707 Kock
939 672 1070 718 τυρῶν
1101 666 1323 718 αἰνύμενοι.

256 738 323 778 Fr.
361 738 457 777 182.
491 737 555 776 Bl.
589 736 665 776 cst.
700 735 799 775 Eur.
833 734 937 774 Hec.
973 735 1072 775 284.

256 806 322 844 Fr.
362 806 456 844 196.
489 799 571 855 τᾶμ’
608 802 683 854 ἔπη
714 801 865 850 ξυνίετε
898 801 961 841 ΒΙ.
996 801 1151 842 Melius
1185 801 1381 842 Meineke
1411 806 1454 842 et
1487 802 1623 843 Kock.

256 873 322 911 Fr.
356 873 454 911 207.
488 871 549 911 De
582 870 799 920 praesenti
834 880 909 920 pro
941 869 1089 909 futuro
1120 869 1185 909 Bl.
1219 870 1292 910 cst.
1326 870 1379 910 fr.
1414 871 1512 920 208,
1552 873 1587 910 1.

255 939 322 979 Fr.
357 940 456 978 218.
491 938 551 978 De
583 934 725 990 ἄρασθ’
762 938 826 977 Bl.
861 937 935 977 eft.
969 938 1043 977 Ar.
1077 937 1176 976 Pac.
1214 940 1251 977 1.

256 1007 322 1046 Fr.
356 1007 454 1046 230.
488 1005 741 1046 Cratineum
774 1007 818 1045 et
849 1004 1181 1053 Thucydideum
1223 1003 1428 1058 ἐπιφέρειν
1469 1003 1607 1059 ὀργήν,
1637 1007 1664 1047 i.
1698 1017 1736 1046 e.
1773 1004 2024 1059 χαρίζεσθαι,

313 1074 545 1124 respondet
591 1072 807 1113 formulae
854 1072 1114 1112 Homericae
1154 1069 1219 1112 ἐπὶ
1257 1073 1367 1126 ,Ρῆρα
1407 1071 1545 1125 φέρειν
1586 1076 1632 1115 et
1664 1076 1834 1115 temere
1863 1073 2021 1114 sollici·

313 1144 432 1181 tatur
463 1151 490 1180 a
519 1139 751 1189 Blaydesio
791 1150 831 1190 p.
866 1140 970 1189 282,
1016 1139 1120 1189 quia
1159 1140 1253 1180 scil.
1298 1140 1618 1192 Aristophanes
1660 1142 1734 1191 Eq.
1772 1142 1859 1182 534
1900 1138 2021 1194 ὀργὰς

312 1206 528 1260 ξυμφέρειν
559 1207 733 1248 dixerit.

253 1277 321 1317 Fr.
355 1277 454 1326 232,
488 1277 528 1316 4.
563 1276 664 1315 Sine
697 1285 831 1316 causa
862 1275 979 1316 idem
1010 1274 1149 1327 σχίνου
1180 1275 1371 1328 κεφαλὴν

254 1345 320 1384 Fr.
356 1345 455 1384 263.
490 1343 554 1383 Bl.
588 1343 662 1383 cst.
696 1341 995 1394 Κολακώνυμος
1026 1353 1104 1393 pro
1136 1342 1378 1396 Κλεώνυμος
1410 1345 1484 1385 Ar.
1523 1345 1648 1395 Vesp.
1682 1346 1782 1385 592.

254 1412 322 1452 Fr.
356 1413 455 1453 274.
487 1411 671 1452 Temere
702 1411 818 1451 idem
850 1411 1059 1451 sollicitat
1089 1410 1327 1464 φρύγουσιν.

255 1480 322 1519 Fr.
356 1481 456 1530 275,
491 1479 529 1519 2.
563 1476 658 1529 μετὰ
689 1484 759 1518 τοῦ
791 1483 965 1529 πατῆσαι
998 1488 1153 1528 parum
1186 1479 1466 1528 probabiliter
1496 1480 1561 1521 Bl.

255 1548 323 1587 Fr.
357 1548 456 1587 283.
490 1546 572 1586 Cft.
605 1546 669 1588 Bl.
705 1546 932 1596 Hermippi
963 1546 1014 1585 fr.
1048 1547 1072 1586 3
1107 1547 1151 1586 et
1174 1544 1375 1597 'Alciphn
1409 1548 1472 1587 ΙΙΙ
1504 1549 1573 1599 55,
1611 1551 1648 1589 1.

256 1616 323 1655 Fr.
360 1615 460 1655 287.
495 1615 616 1655 Idem
652 1615 797 1654 tentat
828 1611 883 1652 ἔτι
913 1615 1076 1660 παῐς-
1097 1609 1189 1653 οὐδ’
1223 1612 1473 1667 ἠνδρωμένη.

256 1684 323 1723 Fr.
360 1683 460 1723 298.
493 1682 588 1723 Non
635 1681 752 1722 male
796 1681 861 1720 Bl.
904 1677 957 1728 ὡς
998 1677 1050 1719 ἂν
1078 1679 1084 1733 Ι
1112 1679 1186 1732 τὴν
1227 1682 1433 1735 μασχάλην
1479 1682 1667 1735 αἴρωμεν,
1712 1683 1825 1733 quod
1865 1682 2021 1723 comici

314 1750 479 1790 nudum
510 1747 563 1797 ὡς
595 1759 682 1790 non
714 1748 886 1788 soleant
917 1748 1182 1798 coniungere
1214 1760 1314 1790 cum
1347 1750 1640 1791 coniunctivo.

256 1819 322 1858 Fr.
358 1820 458 1859 301.
494 1818 617 1858 Idem
649 1818 796 1857 tentat
826 1814 956 1868 ὥσπερ
988 1813 1260 1868 ἠγλαϊσμέναι.

256 1886 323 1926 Fr.
356 1886 455 1926 307.
489 1885 550 1926 De
582 1884 727 1925 verbis
758 1881 914 1934 κομψὸς
944 1882 1094 1935 θεατής
1125 1884 1212 1924 vid.
1247 1885 1433 1926 eundem
1465 1896 1563 1936 pag.
1599 1886 1684 1926 282
1717 1896 1781 1935 sq.

258 1955 323 1994 Fr.
357 1955 456 2004 325,
491 1955 531 1993 3.
564 1953 628 1993 Bl.
661 1950 862 2005 ἀγροίκοις
894 1961 970 2001 pro
1003 1949 1196 2004 ἀγροῖσιν.

256 2022 321 2062 Fr.
356 2022 455 2062 335.
490 2020 598 2062 Cum
630 2019 807 2060 nomine
840 2019 1224 2072 Χοιριλεκφαντίδης
1255 2021 1320 2061 Bl.
1363 2023 1591 2071 comparat
1618 2021 1870 2062 Cratineum
1913 2017 2020 2072 εὖρι·

311 2088 703 2142 πιδαριστοφανίζων
735 2089 779 2127 et
811 2087 1105 2127 Teleclideum
1137 2087 1669 2142 εὐριπιδοσωκρατόγομφος.

255 2188 461 2233 Cratetis
492 2189 542 2229 fr.
577 2190 616 2229 4.
649 2182 697 2236 ὗς
728 2186 795 2227 διὰ
825 2186 969 2240 ῥόδων.
1001 2187 1110 2228 Toto
1143 2188 1264 2229 caelo
1296 2189 1521 2230 diversum
1563 2191 1630 2230 est
1663 2189 1776 2239 quod
1807 2188 1873 2230 Bl.
1905 2198 2020 2230 eom·

313 2257 485 2307 paravit
530 2255 809 2306 proverbium
857 2252 949 2302 ὄνος
996 2253 1038 2294 ἐν
1083 2255 1277 2307 μελίτταις
1324 2257 1389 2302 (fr.
1433 2258 1523 2307 36),
1566 2257 1679 2307 quod
1722 2256 1834 2297 miro
1875 2265 2020 2297 errore

314 2324 465 2364 habuit
510 2324 677 2364 dictum
724 2333 801 2373 pro
842 2320 934 2370 ὄνος
975 2320 1018 2362 ἐν
1064 2320 1205 2374 μέλιτι,
1245 2324 1450 2373 quamvis
1490 2324 1599 2365 bene
1641 2324 1693 2364 de
1735 2323 1891 2374 apibus
1920 2333 2019 2364 eam

312 2391 499 2432 bestiam
540 2390 835 2441 pungentibus
876 2390 959 2430 diei
1007 2390 1278 2431 intellexerit
1323 2392 1644 2441 grammaticus
1688 2391 1918 2442 explicans
1955 2387 2021 2431 ἐπὶ

313 2465 390 2498 τῶν
429 2462 566 2507 κακοῖς
607 2458 915 2511 περιπεσόντων.
955 2457 1119 2498 Contra
1159 2469 1415 2509 comparare
1457 2460 1667 2500 debuerat
1697 2457 1790 2507 ὄνος
1821 2456 1864 2498 ἐν
1894 2458 2022 2515 μύρῳ,

314 2525 406 2574 ὄνος
437 2525 500 2566 ἐπὶ
530 2526 632 2581 λύρᾳ
664 2528 708 2567 et
739 2525 918 2566 similia.

259 2593 323 2633 Fr.
355 2595 426 2634 38.
462 2589 868 2645 [Ὀμ]πνιάστρια
909 2593 1094 2633 coniecit
1134 2593 1341 2645 Blaydes,
1384 2595 1498 2643 quod
1540 2594 1641 2644 quid
1681 2592 1902 2644 significet
1930 2603 2019 2634 mo·

314 2672 415 2701 nere
447 2661 655 2711 neglexit.
689 2661 733 2700 Si
766 2670 918 2701 verum
951 2660 1012 2700 sit
1047 2660 1423 2711 supplementum,
1457 2662 1668 2702 denotare
1699 2661 1839 2711 possit
1868 2660 2018 2702 mulie·

315 2740 406 2769 rem
439 2729 640 2769 Cererem
672 2725 847 2779 ὀμπνίαν
879 2727 1115 2778 colentem,
1148 2728 1225 2768 sed
1251 2728 1420 2768 nullum
1448 2729 1690 2779 hucusque,
1719 2729 1832 2778 quod
1858 2728 2017 2779 sciam,

315 2799 534 2845 repertum
580 2799 650 2836 est
695 2796 877 2836 verbum
925 2792 1178 2847 ὀμπνιοὶζειν,
1224 2795 1338 2836 unde
1386 2797 1423 2836 is
1469 2797 1625 2837 titulus
1670 2796 1768 2837 duci
1814 2795 2018 2846 potuerit.

316 2864 454 2912 Quare
486 2862 681 2913 ἐφεκτέον.

260 2960 560 3005 Pheraei-atis
592 2964 642 3003 fr.
676 2964 716 3003 3.
766 2962 950 3014 δίφροι
1008 2962 1218 3014 διωχεῖς
1271 2961 1313 3002 ἐν
1364 2962 1636 3014 Φερεκράτους
1683 2965 1869 3016 Ἀγαθοῖς
1912 2962 2019 3015 εἶρη-
2062 2949 2070 2955 ”

315 3028 444 3079 μένοι,
475 3029 642 3069 οἱονεὶ
670 3029 721 3069 οῖ
743 3030 817 3069 δύο
845 3027 1039 3081 ὀχοῦντες.
1065 3029 1242 3080 Corrige
1268 3030 1420 3070 sodes:
1454 3030 1505 3069 οἱ
1514 3030 1570 3069 ὸν
1602 3028 1620 3069 ἕ
1631 3045 1654 3069 ν
1681 3025 1712 3086 ᾧ
1739 3030 1815 3071 δύο
1834 3026 2019 3083 ὀχοῦντες

315 3096 428 3142 (εἰσίν
460 3102 549 3142 sc).

262 3164 323 3203 Fr.
359 3166 426 3212 22,
461 3166 499 3204 2.
535 3165 685 3205 Kockii
718 3165 1014 3205 coniecturam
1047 3164 1204 3205 merito
1237 3164 1455 3215 improbat
1484 3165 1687 3214 Blaydes.

262 3232 323 3270 Fr.
358 3233 426 3271 36.
462 3233 523 3271 ssl.
566 3237 768 3272 revocato
810 3231 848 3279 ἐξ
889 3232 1074 3272 coniecit
1114 3230 1309 3284 ἐβάδιζον.
1350 3233 1408 3272 At
1439 3233 1603 3282 optime
1634 3231 1943 3273 Ruhnkenium
1974 3229 2019 3273 ἐν
