<?xml version="1.0" encoding="UTF-8"?>
<!DOCTYPE html PUBLIC "-//W3C//DTD XHTML 1.0 Transitional//EN"
    "http://www.w3.org/TR/xhtml1/DTD/xhtml1-transitional.dtd">
<html xmlns="http://www.w3.org/1999/xhtml" xml:lang="en" lang="en">
 <head>
  <title>
</title>
<meta http-equiv="Content-Type" content="text/html;charset=utf-8" />
  <meta name='ocr-system' content='tesseract 3.04.00' />
  <meta name='ocr-capabilities' content='ocr_page ocr_carea ocr_par ocr_line ocrx_word'/>
</head>
<body>
  <div class='ocr_page' id='page_1' title='image "./collectaneacriti00herwuoft_0060.png"; bbox 0 0 2216 3522; ppageno 0'>
   <div class='ocr_carea' id='block_1_1' title="bbox 1047 212 1102 251">
    <p class='ocr_par' dir='ltr' id='par_1_1' title="bbox 1047 212 1102 251">
     <span class='ocr_line' id='line_1_1' title="bbox 1047 212 1102 251; baseline 0.036 -2"><span class='ocrx_word' id='word_1_1' title='bbox 1047 212 1102 251; x_wconf 83' lang='lat'><strong>46</strong></span> 
     </span>
    </p>
   </div>
   <div class='ocr_carea' id='block_1_2' title="bbox 197 334 1969 3294">
    <p class='ocr_par' dir='ltr' id='par_1_2' title="bbox 251 334 1963 1199">
     <span class='ocr_line' id='line_1_2' title="bbox 251 334 1953 388; baseline -0.003 -7"><span class='ocrx_word' id='word_1_2' title='bbox 251 351 461 382; x_wconf 87' lang='lat' dir='ltr'><strong>converso</strong></span> <span class='ocrx_word' id='word_1_3' title='bbox 507 338 730 388; x_wconf 88' lang='lat' dir='ltr'><strong>adverbio,</strong></span> <span class='ocrx_word' id='word_1_4' title='bbox 779 347 863 386; x_wconf 90' lang='lat' dir='ltr'><strong>quo</strong></span> <span class='ocrx_word' id='word_1_5' title='bbox 904 337 1032 376; x_wconf 88' lang='lat' dir='ltr'><strong>Iones</strong></span> <span class='ocrx_word' id='word_1_6' title='bbox 1072 334 1135 375; x_wconf 89' lang='lat' dir='ltr'><strong>illi</strong></span> <span class='ocrx_word' id='word_1_7' title='bbox 1176 334 1372 385; x_wconf 79' lang='lat' dir='ltr'>hospites</span> <span class='ocrx_word' id='word_1_8' title='bbox 1416 335 1657 376; x_wconf 83' lang='lat' dir='ltr'>identidem</span> <span class='ocrx_word' id='word_1_9' title='bbox 1703 335 1953 387; x_wconf 85' lang='lat' dir='ltr'><strong>utebantur,</strong></span> 
     </span>
     <span class='ocr_line' id='line_1_3' title="bbox 251 401 1954 462; baseline -0.004 -12"><span class='ocrx_word' id='word_1_10' title='bbox 251 409 480 459; x_wconf 80' lang='lat' dir='ltr'>scripsisse</span> <span class='ocrx_word' id='word_1_11' title='bbox 512 405 628 462; x_wconf 77' lang='grc' dir='ltr'><strong>ὅκῳ,</strong></span> <span class='ocrx_word' id='word_1_12' title='bbox 649 415 735 445; x_wconf 89' lang='lat' dir='ltr'><strong>non</strong></span> <span class='ocrx_word' id='word_1_13' title='bbox 762 401 863 455; x_wconf 82' lang='grc' dir='ltr'><strong><em>ὁμοῦ</em></strong></span> <span class='ocrx_word' id='word_1_14' title='bbox 902 413 1002 443; x_wconf 91' lang='lat' dir='ltr'><strong>cum</strong></span> <span class='ocrx_word' id='word_1_15' title='bbox 1025 402 1209 453; x_wconf 86' lang='lat' dir='ltr'><strong>Kockio‚</strong></span> <span class='ocrx_word' id='word_1_16' title='bbox 1243 402 1356 452; x_wconf 90' lang='lat' dir='ltr'><strong>quod</strong></span> <span class='ocrx_word' id='word_1_17' title='bbox 1382 402 1452 443; x_wconf 90' lang='lat' dir='ltr'><strong>hic</strong></span> <span class='ocrx_word' id='word_1_18' title='bbox 1477 404 1581 454; x_wconf 87' lang='lat' dir='ltr'><strong>apto</strong></span> <span class='ocrx_word' id='word_1_19' title='bbox 1607 413 1740 444; x_wconf 88' lang='lat' dir='ltr'><strong>sensu</strong></span> <span class='ocrx_word' id='word_1_20' title='bbox 1770 404 1954 454; x_wconf 79' lang='lat' dir='ltr'><strong>careret,</strong></span> 
     </span>
     <span class='ocr_line' id='line_1_4' title="bbox 252 468 1956 522; baseline -0.004 -5"><span class='ocrx_word' id='word_1_21' title='bbox 252 479 301 517; x_wconf 89' lang='lat' dir='ltr'><strong>ut</strong></span> <span class='ocrx_word' id='word_1_22' title='bbox 330 477 464 516; x_wconf 89' lang='lat' dir='ltr'><strong>etiam</strong></span> <span class='ocrx_word' id='word_1_23' title='bbox 495 474 635 515; x_wconf 89' lang='lat' dir='ltr'><strong>sensit</strong></span> <span class='ocrx_word' id='word_1_24' title='bbox 665 472 749 522; x_wconf 90' lang='lat' dir='ltr'><strong>Bl.‚</strong></span> <span class='ocrx_word' id='word_1_25' title='bbox 782 472 855 521; x_wconf 88' lang='lat' dir='ltr'><strong>qui</strong></span> <span class='ocrx_word' id='word_1_26' title='bbox 887 471 980 520; x_wconf 89' lang='lat' dir='ltr'><strong>ipse</strong></span> <span class='ocrx_word' id='word_1_27' title='bbox 1012 469 1198 510; x_wconf 91' lang='lat' dir='ltr'><strong>coniecit</strong></span> <span class='ocrx_word' id='word_1_28' title='bbox 1229 468 1342 517; x_wconf 79' lang='grc' dir='ltr'><strong><em>ὅκως.</em></strong></span> <span class='ocrx_word' id='word_1_29' title='bbox 1386 469 1541 511; x_wconf 83' lang='lat' dir='ltr'><strong>Simile</strong></span> <span class='ocrx_word' id='word_1_30' title='bbox 1570 470 1672 520; x_wconf 89' lang='lat' dir='ltr'><strong>quid</strong></span> <span class='ocrx_word' id='word_1_31' title='bbox 1701 470 1809 512; x_wconf 82' lang='lat' dir='ltr'><strong>fecit</strong></span> <span class='ocrx_word' id='word_1_32' title='bbox 1837 470 1956 511; x_wconf 87' lang='lat' dir='ltr'><strong>idem</strong></span> 
     </span>
     <span class='ocr_line' id='line_1_5' title="bbox 253 538 1954 594; baseline -0.004 -10"><span class='ocrx_word' id='word_1_33' title='bbox 253 546 381 594; x_wconf 89' lang='lat' dir='ltr'><strong>poeta</strong></span> <span class='ocrx_word' id='word_1_34' title='bbox 411 544 453 582; x_wconf 91' lang='lat' dir='ltr'><strong>in</strong></span> <span class='ocrx_word' id='word_1_35' title='bbox 485 542 536 582; x_wconf 79' lang='lat' dir='ltr'><strong>fr.</strong></span> <span class='ocrx_word' id='word_1_36' title='bbox 564 542 649 582; x_wconf 87' lang='lat'><strong>869</strong></span> <span class='ocrx_word' id='word_1_37' title='bbox 677 540 790 590; x_wconf 87' lang='lat' dir='ltr'><strong>apud</strong></span> <span class='ocrx_word' id='word_1_38' title='bbox 818 539 1026 579; x_wconf 89' lang='lat' dir='ltr'><strong>Photium</strong></span> <span class='ocrx_word' id='word_1_39' title='bbox 1063 539 1106 578; x_wconf 88' lang='lat' dir='ltr'><strong>et</strong></span> <span class='ocrx_word' id='word_1_40' title='bbox 1139 538 1183 578; x_wconf 94' lang='lat' dir='ltr'><strong>in</strong></span> <span class='ocrx_word' id='word_1_41' title='bbox 1210 538 1484 579; x_wconf 90' lang='lat' dir='ltr'><strong>Bachmanni</strong></span> <span class='ocrx_word' id='word_1_42' title='bbox 1510 538 1673 579; x_wconf 89' lang='lat' dir='ltr'><strong>Anecd.</strong></span> <span class='ocrx_word' id='word_1_43' title='bbox 1700 539 1722 579; x_wconf 94' lang='lat'>1</span> <span class='ocrx_word' id='word_1_44' title='bbox 1747 539 1848 590; x_wconf 82' lang='lat'><strong>382,</strong></span> <span class='ocrx_word' id='word_1_45' title='bbox 1875 538 1954 579; x_wconf 81' lang='grc' dir='ltr'><strong>2οε</strong></span> 
     </span>
     <span class='ocr_line' id='line_1_6' title="bbox 254 604 1956 662; baseline -0.002 -12"><span class='ocrx_word' id='word_1_46' title='bbox 254 611 418 662; x_wconf 83' lang='grc' dir='ltr'><strong><em>τάχας·</em></strong></span> <span class='ocrx_word' id='word_1_47' title='bbox 449 608 541 656; x_wconf 84' lang='grc' dir='ltr'><strong><em>τοὺς</em></strong></span> <span class='ocrx_word' id='word_1_48' title='bbox 573 607 936 659; x_wconf 81' lang='grc' dir='ltr'><strong><em>καταστοχασμούς,</em></strong></span> <span class='ocrx_word' id='word_1_49' title='bbox 967 604 1076 657; x_wconf 79' lang='grc' dir='ltr'><strong><em>παρὰ</em></strong></span> <span class='ocrx_word' id='word_1_50' title='bbox 1117 604 1160 645; x_wconf 87' lang='grc' dir='ltr'><strong>τὸ</strong></span> <span class='ocrx_word' id='word_1_51' title='bbox 1200 605 1339 658; x_wconf 82' lang='grc' dir='ltr'><strong><em>τάχα.</em></strong></span> <span class='ocrx_word' id='word_1_52' title='bbox 1372 605 1498 653; x_wconf 76' lang='grc' dir='ltr'><strong><em>οὕτως</em></strong></span> <span class='ocrx_word' id='word_1_53' title='bbox 1529 605 1832 658; x_wconf 72' lang='grc' dir='ltr'><strong><em>Ἀριστοφάνης,</em></strong></span> <span class='ocrx_word' id='word_1_54' title='bbox 1860 615 1956 647; x_wconf 83' lang='lat' dir='ltr'><strong>nec·</strong></span> 
     </span>
     <span class='ocr_line' id='line_1_7' title="bbox 253 673 1961 727; baseline -0.002 -8"><span class='ocrx_word' id='word_1_55' title='bbox 253 680 357 719; x_wconf 90' lang='lat' dir='ltr'><strong>dum</strong></span> <span class='ocrx_word' id='word_1_56' title='bbox 399 687 470 717; x_wconf 91' lang='lat' dir='ltr'><strong>me</strong></span> <span class='ocrx_word' id='word_1_57' title='bbox 511 676 708 727; x_wconf 87' lang='lat' dir='ltr'><strong>poenitet</strong></span> <span class='ocrx_word' id='word_1_58' title='bbox 747 675 910 715; x_wconf 84' lang='lat' dir='ltr'><strong>veteris</strong></span> <span class='ocrx_word' id='word_1_59' title='bbox 949 674 1242 724; x_wconf 88' lang='lat' dir='ltr'><strong>coniecturae,</strong></span> <span class='ocrx_word' id='word_1_60' title='bbox 1291 674 1336 714; x_wconf 91' lang='lat' dir='ltr'><strong>in</strong></span> <span class='ocrx_word' id='word_1_61' title='bbox 1382 684 1515 724; x_wconf 89' lang='lat' dir='ltr'><strong>quam</strong></span> <span class='ocrx_word' id='word_1_62' title='bbox 1556 676 1657 724; x_wconf 89' lang='lat' dir='ltr'><strong>post</strong></span> <span class='ocrx_word' id='word_1_63' title='bbox 1694 685 1767 715; x_wconf 92' lang='lat' dir='ltr'><strong>me</strong></span> <span class='ocrx_word' id='word_1_64' title='bbox 1804 673 1961 715; x_wconf 80' lang='lat' dir='ltr'><strong>incidit</strong></span> 
     </span>
     <span class='ocr_line' id='line_1_8' title="bbox 253 741 1962 795; baseline -0.001 -12"><span class='ocrx_word' id='word_1_65' title='bbox 253 745 468 795; x_wconf 86' lang='lat' dir='ltr'><strong>Vollgraff</strong></span> <span class='ocrx_word' id='word_1_66' title='bbox 490 754 632 794; x_wconf 86' lang='lat' dir='ltr'><strong>meus,</strong></span> <span class='ocrx_word' id='word_1_67' title='bbox 658 742 765 783; x_wconf 86' lang='lat' dir='ltr'><strong>Nub.</strong></span> <span class='ocrx_word' id='word_1_68' title='bbox 794 742 879 783; x_wconf 85' lang='grc' dir='ltr'><strong>Ι719</strong></span> <span class='ocrx_word' id='word_1_69' title='bbox 907 742 996 789; x_wconf 89' lang='lat' dir='ltr'><strong>(ubi</strong></span> <span class='ocrx_word' id='word_1_70' title='bbox 1023 741 1267 791; x_wconf 82' lang='lat' dir='ltr'><strong>corrigatur</strong></span> <span class='ocrx_word' id='word_1_71' title='bbox 1287 741 1535 782; x_wconf 85' lang='lat' dir='ltr'><strong>Leeuwenii</strong></span> <span class='ocrx_word' id='word_1_72' title='bbox 1567 742 1666 782; x_wconf 88' lang='lat' dir='ltr'><strong>adn.</strong></span> <span class='ocrx_word' id='word_1_73' title='bbox 1694 742 1860 789; x_wconf 87' lang='lat' dir='ltr'><strong>critica)</strong></span> <span class='ocrx_word' id='word_1_74' title='bbox 1884 750 1962 792; x_wconf 91' lang='lat' dir='ltr'><strong>pro</strong></span> 
     </span>
     <span class='ocr_line' id='line_1_9' title="bbox 253 809 1960 863; baseline -0.002 -9"><span class='ocrx_word' id='word_1_75' title='bbox 253 815 458 863; x_wconf 90' lang='lat' dir='ltr'><strong>suspecto</strong></span> <span class='ocrx_word' id='word_1_76' title='bbox 503 816 743 862; x_wconf 83' lang='grc' dir='ltr'><strong><em>φρουρᾶς</em></strong></span> <span class='ocrx_word' id='word_1_77' title='bbox 790 809 1149 850; x_wconf 88' lang='lat' dir='ltr'><strong>substituendum</strong></span> <span class='ocrx_word' id='word_1_78' title='bbox 1198 819 1297 849; x_wconf 87' lang='lat' dir='ltr'><strong>esse</strong></span> <span class='ocrx_word' id='word_1_79' title='bbox 1344 809 1517 860; x_wconf 81' lang='grc' dir='ltr'><strong><em>φρούδ</em></strong></span> <span class='ocrx_word' id='word_1_80' title='bbox 1527 825 1598 859; x_wconf 86' lang='grc' dir='ltr'><strong><em>ας,</em></strong></span> <span class='ocrx_word' id='word_1_81' title='bbox 1643 809 1817 850; x_wconf 85' lang='lat' dir='ltr'><strong>collatis</strong></span> <span class='ocrx_word' id='word_1_82' title='bbox 1866 818 1960 850; x_wconf 80' lang='lat' dir='ltr'><strong>vss.</strong></span> 
     </span>
     <span class='ocr_line' id='line_1_10' title="bbox 255 875 1963 931; baseline -0.002 -11"><span class='ocrx_word' id='word_1_83' title='bbox 255 879 537 931; x_wconf 81' lang='lat' dir='ltr'><strong>praegressis.</strong></span> <span class='ocrx_word' id='word_1_84' title='bbox 572 901 624 907; x_wconf 93' lang='lat'>—</span> <span class='ocrx_word' id='word_1_85' title='bbox 659 878 732 918; x_wconf 86' lang='lat' dir='ltr'><strong>Vs.</strong></span> <span class='ocrx_word' id='word_1_86' title='bbox 767 879 793 918; x_wconf 99' lang='lat'>5</span> <span class='ocrx_word' id='word_1_87' title='bbox 836 877 948 917; x_wconf 88' lang='lat' dir='ltr'><strong>satis</strong></span> <span class='ocrx_word' id='word_1_88' title='bbox 989 875 1274 926; x_wconf 84' lang='lat' dir='ltr'><strong>probabiliter</strong></span> <span class='ocrx_word' id='word_1_89' title='bbox 1314 876 1510 927; x_wconf 86' lang='lat' dir='ltr'><strong>explevit</strong></span> <span class='ocrx_word' id='word_1_90' title='bbox 1550 877 1690 928; x_wconf 85' lang='lat' dir='ltr'><strong>Kock,</strong></span> <span class='ocrx_word' id='word_1_91' title='bbox 1732 877 1819 917; x_wconf 85' lang='lat' dir='ltr'><strong>nisi</strong></span> <span class='ocrx_word' id='word_1_92' title='bbox 1849 875 1963 927; x_wconf 89' lang='lat' dir='ltr'><strong>quod</strong></span> 
     </span>
     <span class='ocr_line' id='line_1_11' title="bbox 255 940 1961 997; baseline -0.002 -9"><span class='ocrx_word' id='word_1_93' title='bbox 255 948 408 988; x_wconf 80' lang='lat' dir='ltr'><strong>malim</strong></span> <span class='ocrx_word' id='word_1_94' title='bbox 440 946 495 994; x_wconf 85' lang='grc' dir='ltr'><strong>εἰς</strong></span> <span class='ocrx_word' id='word_1_95' title='bbox 518 944 695 997; x_wconf 83' lang='grc' dir='ltr'><strong><em>’Ἐφεσον</em></strong></span> <span class='ocrx_word' id='word_1_96' title='bbox 726 943 790 997; x_wconf 82' lang='grc' dir='ltr'><strong>&lt;ἢ</strong></span> <span class='ocrx_word' id='word_1_97' title='bbox 821 949 913 995; x_wconf 91' lang='lat' dir='ltr'><strong>(pro</strong></span> <span class='ocrx_word' id='word_1_98' title='bbox 950 942 1004 991; x_wconf 80' lang='grc' dir='ltr'><strong>ἐς)</strong></span> <span class='ocrx_word' id='word_1_99' title='bbox 1041 943 1246 995; x_wconf 79' lang='grc' dir='ltr'><strong><em>Μίλητον,</em></strong></span> <span class='ocrx_word' id='word_1_100' title='bbox 1277 944 1317 984; x_wconf 83' lang='grc' dir='ltr'><strong>οἳ</strong></span> <span class='ocrx_word' id='word_1_101' title='bbox 1341 940 1376 983; x_wconf 81' lang='grc' dir='ltr'><strong>δ’</strong></span> <span class='ocrx_word' id='word_1_102' title='bbox 1408 943 1463 992; x_wconf 80' lang='grc' dir='ltr'><strong>εἰς</strong></span> <span class='ocrx_word' id='word_1_103' title='bbox 1490 944 1725 996; x_wconf 77' lang='grc' dir='ltr'><strong><em>Κύζικον&gt;,</em></strong></span> <span class='ocrx_word' id='word_1_104' title='bbox 1750 946 1829 985; x_wconf 77' lang='lat' dir='ltr'><strong>aut</strong></span> <span class='ocrx_word' id='word_1_105' title='bbox 1858 953 1961 985; x_wconf 80' lang='lat' dir='ltr'><strong>cum</strong></span> 
     </span>
     <span class='ocr_line' id='line_1_12' title="bbox 255 1011 1963 1071; baseline -0.001 -16"><span class='ocrx_word' id='word_1_106' title='bbox 255 1011 409 1067; x_wconf 80' lang='grc' dir='ltr'>Β1.ἦ’ς</span> <span class='ocrx_word' id='word_1_107' title='bbox 443 1014 644 1066; x_wconf 73' lang='grc' dir='ltr'><strong><em>Μίλητον,</em></strong></span> <span class='ocrx_word' id='word_1_108' title='bbox 674 1022 754 1053; x_wconf 90' lang='lat' dir='ltr'><strong>nec</strong></span> <span class='ocrx_word' id='word_1_109' title='bbox 785 1023 849 1052; x_wconf 91' lang='lat' dir='ltr'><strong>vs.</strong></span> <span class='ocrx_word' id='word_1_110' title='bbox 886 1013 912 1052; x_wconf 88' lang='lat'>6</span> <span class='ocrx_word' id='word_1_111' title='bbox 948 1022 1050 1052; x_wconf 90' lang='lat' dir='ltr'><strong>cum</strong></span> <span class='ocrx_word' id='word_1_112' title='bbox 1081 1012 1236 1052; x_wconf 89' lang='lat' dir='ltr'><strong>eodem</strong></span> <span class='ocrx_word' id='word_1_113' title='bbox 1267 1012 1569 1054; x_wconf 88' lang='lat' dir='ltr'><strong>necessarium</strong></span> <span class='ocrx_word' id='word_1_114' title='bbox 1597 1013 1786 1054; x_wconf 89' lang='lat' dir='ltr'><strong>arbitror</strong></span> <span class='ocrx_word' id='word_1_115' title='bbox 1810 1011 1963 1071; x_wconf 79' lang='lat' dir='ltr'><strong>rescri-</strong></span> 
     </span>
     <span class='ocr_line' id='line_1_13' title="bbox 255 1075 1959 1134; baseline -0.001 -12"><span class='ocrx_word' id='word_1_116' title='bbox 255 1083 356 1123; x_wconf 92' lang='lat' dir='ltr'><strong>bere</strong></span> <span class='ocrx_word' id='word_1_117' title='bbox 398 1082 438 1121; x_wconf 77' lang='grc' dir='ltr'><strong>οἳ</strong></span> <span class='ocrx_word' id='word_1_118' title='bbox 474 1079 527 1121; x_wconf 83' lang='grc' dir='ltr'><strong>δέ</strong></span> <span class='ocrx_word' id='word_1_119' title='bbox 567 1077 598 1134; x_wconf 75' lang='grc' dir='ltr'><strong>γ’</strong></span> <span class='ocrx_word' id='word_1_120' title='bbox 633 1079 679 1128; x_wconf 77' lang='grc' dir='ltr'><strong>ἐς</strong></span> <span class='ocrx_word' id='word_1_121' title='bbox 711 1085 802 1131; x_wconf 87' lang='lat' dir='ltr'><strong>(pro</strong></span> <span class='ocrx_word' id='word_1_122' title='bbox 835 1075 871 1118; x_wconf 79' lang='grc' dir='ltr'><strong>δ’</strong></span> <span class='ocrx_word' id='word_1_123' title='bbox 907 1078 976 1127; x_wconf 85' lang='grc' dir='ltr'>εἰς)</span> <span class='ocrx_word' id='word_1_124' title='bbox 1010 1077 1208 1131; x_wconf 75' lang='grc' dir='ltr'><strong><em>Ἄβυδον,</em></strong></span> <span class='ocrx_word' id='word_1_125' title='bbox 1262 1089 1349 1120; x_wconf 91' lang='lat' dir='ltr'><strong>non</strong></span> <span class='ocrx_word' id='word_1_126' title='bbox 1390 1080 1509 1120; x_wconf 90' lang='lat' dir='ltr'><strong>enim</strong></span> <span class='ocrx_word' id='word_1_127' title='bbox 1550 1081 1677 1122; x_wconf 84' lang='lat' dir='ltr'><strong>video</strong></span> <span class='ocrx_word' id='word_1_128' title='bbox 1716 1080 1776 1121; x_wconf 90' lang='lat' dir='ltr'><strong>ibi</strong></span> <span class='ocrx_word' id='word_1_129' title='bbox 1813 1079 1959 1122; x_wconf 82' lang='lat' dir='ltr'><strong>locum</strong></span> 
     </span>
     <span class='ocr_line' id='line_1_14' title="bbox 255 1145 1518 1199; baseline -0.003 -9"><span class='ocrx_word' id='word_1_130' title='bbox 255 1161 354 1190; x_wconf 89' lang='lat' dir='ltr'><strong>esse</strong></span> <span class='ocrx_word' id='word_1_131' title='bbox 383 1149 633 1199; x_wconf 90' lang='lat' dir='ltr'><strong>geminatae</strong></span> <span class='ocrx_word' id='word_1_132' title='bbox 662 1146 922 1198; x_wconf 83' lang='lat' dir='ltr'><strong>particulae,</strong></span> <span class='ocrx_word' id='word_1_133' title='bbox 954 1147 1056 1196; x_wconf 83' lang='lat' dir='ltr'><strong>quia</strong></span> <span class='ocrx_word' id='word_1_134' title='bbox 1087 1147 1208 1187; x_wconf 90' lang='lat' dir='ltr'><strong>nulla</strong></span> <span class='ocrx_word' id='word_1_135' title='bbox 1240 1149 1310 1187; x_wconf 88' lang='lat' dir='ltr'><strong>est</strong></span> <span class='ocrx_word' id='word_1_136' title='bbox 1340 1145 1518 1198; x_wconf 81' lang='grc' dir='ltr'><strong><em>αὔξησις.</em></strong></span> 
     </span>
    </p>

    <p class='ocr_par' dir='ltr' id='par_1_3' title="bbox 197 1211 1530 1268">
     <span class='ocr_line' id='line_1_15' title="bbox 197 1211 1530 1268; baseline -0.003 -10"><span class='ocrx_word' id='word_1_137' title='bbox 197 1219 265 1258; x_wconf 80' lang='lat' dir='ltr'><strong>Fr.</strong></span> <span class='ocrx_word' id='word_1_138' title='bbox 298 1219 398 1258; x_wconf 83' lang='lat'><strong>544.</strong></span> <span class='ocrx_word' id='word_1_139' title='bbox 593 1216 648 1264; x_wconf 87' lang='grc' dir='ltr'><strong>τίς</strong></span> <span class='ocrx_word' id='word_1_140' title='bbox 676 1213 711 1255; x_wconf 83' lang='grc' dir='ltr'><strong>δ’</strong></span> <span class='ocrx_word' id='word_1_141' title='bbox 747 1214 803 1262; x_wconf 87' lang='grc' dir='ltr'><strong>εἰς</strong></span> <span class='ocrx_word' id='word_1_142' title='bbox 828 1213 1021 1268; x_wconf 78' lang='grc' dir='ltr'><strong><em>ἐγγύτατα</em></strong></span> <span class='ocrx_word' id='word_1_143' title='bbox 1053 1211 1074 1253; x_wconf 87' lang='grc' dir='ltr'>ὁ</span> <span class='ocrx_word' id='word_1_144' title='bbox 1106 1213 1244 1262; x_wconf 77' lang='grc' dir='ltr'><strong><em>λοιπὸς</em></strong></span> <span class='ocrx_word' id='word_1_145' title='bbox 1271 1213 1340 1262; x_wconf 84' lang='grc' dir='ltr'><strong>τὰς</strong></span> <span class='ocrx_word' id='word_1_146' title='bbox 1371 1211 1530 1265; x_wconf 85' lang='grc' dir='ltr'><strong><em>ὀσφύας</em></strong></span> 
     </span>
    </p>

    <p class='ocr_par' dir='ltr' id='par_1_4' title="bbox 255 1280 1964 1403">
     <span class='ocr_line' id='line_1_16' title="bbox 595 1280 1473 1335; baseline -0.002 -12"><span class='ocrx_word' id='word_1_147' title='bbox 595 1282 659 1323; x_wconf 77' lang='grc' dir='ltr'><strong>ἐπὶ</strong></span> <span class='ocrx_word' id='word_1_148' title='bbox 689 1288 768 1323; x_wconf 87' lang='grc' dir='ltr'><strong>τῶν</strong></span> <span class='ocrx_word' id='word_1_149' title='bbox 798 1288 986 1335; x_wconf 83' lang='grc' dir='ltr'><strong><em>κοχωνῶν</em></strong></span> <span class='ocrx_word' id='word_1_150' title='bbox 1018 1280 1138 1334; x_wconf 82' lang='grc' dir='ltr'><strong><em>ἀργὸς</em></strong></span> <span class='ocrx_word' id='word_1_151' title='bbox 1169 1280 1288 1329; x_wconf 72' lang='grc' dir='ltr'><strong><em>αὐτὸς</em></strong></span> <span class='ocrx_word' id='word_1_152' title='bbox 1319 1280 1473 1331; x_wconf 80' lang='grc' dir='ltr'><strong><em>οὖτοσί;</em></strong></span> 
     </span>
     <span class='ocr_line' id='line_1_17' title="bbox 255 1349 1964 1403; baseline -0.002 -10"><span class='ocrx_word' id='word_1_153' title='bbox 255 1354 456 1403; x_wconf 89' lang='lat' dir='ltr'><strong>Receptis</strong></span> <span class='ocrx_word' id='word_1_154' title='bbox 488 1351 783 1403; x_wconf 84' lang='lat' dir='ltr'><strong>probabilibus</strong></span> <span class='ocrx_word' id='word_1_155' title='bbox 817 1361 925 1391; x_wconf 90' lang='lat' dir='ltr'><strong>sane</strong></span> <span class='ocrx_word' id='word_1_156' title='bbox 951 1349 1237 1399; x_wconf 89' lang='lat' dir='ltr'><strong>Darembergi</strong></span> <span class='ocrx_word' id='word_1_157' title='bbox 1263 1352 1309 1390; x_wconf 93' lang='lat' dir='ltr'><strong>et</strong></span> <span class='ocrx_word' id='word_1_158' title='bbox 1334 1349 1657 1391; x_wconf 85' lang='lat' dir='ltr'><strong>Schneidewini</strong></span> <span class='ocrx_word' id='word_1_159' title='bbox 1684 1349 1964 1400; x_wconf 86' lang='lat' dir='ltr'><strong>coniecturis,</strong></span> 
     </span>
    </p>

    <p class='ocr_par' dir='ltr' id='par_1_5' title="bbox 209 1417 1682 1470">
     <span class='ocr_line' id='line_1_18' title="bbox 209 1417 1682 1470; baseline -0.001 -10"><span class='ocrx_word' id='word_1_160' title='bbox 209 1452 219 1460; x_wconf 91' lang='lat'><strong>.</strong></span> <span class='ocrx_word' id='word_1_161' title='bbox 257 1421 375 1461; x_wconf 85' lang='lat' dir='ltr'><strong>Kock</strong></span> <span class='ocrx_word' id='word_1_162' title='bbox 407 1429 544 1470; x_wconf 88' lang='lat' dir='ltr'><strong>aeque</strong></span> <span class='ocrx_word' id='word_1_163' title='bbox 576 1418 843 1460; x_wconf 86' lang='lat' dir='ltr'><strong>confidenter</strong></span> <span class='ocrx_word' id='word_1_164' title='bbox 873 1429 924 1459; x_wconf 92' lang='lat' dir='ltr'><strong>ac</strong></span> <span class='ocrx_word' id='word_1_165' title='bbox 954 1417 1172 1458; x_wconf 84' lang='lat' dir='ltr'><strong>violenter</strong></span> <span class='ocrx_word' id='word_1_166' title='bbox 1204 1419 1248 1458; x_wconf 89' lang='lat' dir='ltr'><strong>et</strong></span> <span class='ocrx_word' id='word_1_167' title='bbox 1279 1418 1426 1467; x_wconf 90' lang='lat' dir='ltr'><strong>inepte</strong></span> <span class='ocrx_word' id='word_1_168' title='bbox 1457 1418 1682 1468; x_wconf 91' lang='lat' dir='ltr'><strong>proposuit</strong></span> 
     </span>
    </p>

    <p class='ocr_par' dir='ltr' id='par_1_6' title="bbox 258 1482 1969 2009">
     <span class='ocr_line' id='line_1_19' title="bbox 595 1482 1605 1538; baseline -0.001 -12"><span class='ocrx_word' id='word_1_169' title='bbox 595 1486 651 1534; x_wconf 84' lang='grc' dir='ltr'><strong>τίς</strong></span> <span class='ocrx_word' id='word_1_170' title='bbox 683 1483 718 1526; x_wconf 79' lang='grc' dir='ltr'><strong>δ’</strong></span> <span class='ocrx_word' id='word_1_171' title='bbox 755 1484 860 1526; x_wconf 76' lang='grc' dir='ltr'><strong><em>ἐστιν</em></strong></span> <span class='ocrx_word' id='word_1_172' title='bbox 892 1484 1041 1538; x_wconf 81' lang='grc' dir='ltr'><strong><em>οὖγγὺς</em></strong></span> <span class='ocrx_word' id='word_1_173' title='bbox 1073 1483 1320 1532; x_wconf 79' lang='grc' dir='ltr'><strong><em>κατακλινεὶς</em></strong></span> <span class='ocrx_word' id='word_1_174' title='bbox 1350 1490 1420 1536; x_wconf 83' lang='grc' dir='ltr'><strong>τῆς</strong></span> <span class='ocrx_word' id='word_1_175' title='bbox 1451 1482 1605 1536; x_wconf 83' lang='grc' dir='ltr'><strong><em>ὀσφύος</em></strong></span> 
     </span>
     <span class='ocr_line' id='line_1_20' title="bbox 596 1550 1473 1606; baseline -0.002 -12"><span class='ocrx_word' id='word_1_176' title='bbox 596 1552 660 1593; x_wconf 77' lang='grc' dir='ltr'><strong>ἐπὶ</strong></span> <span class='ocrx_word' id='word_1_177' title='bbox 685 1559 764 1594; x_wconf 82' lang='grc' dir='ltr'><strong>τῶν</strong></span> <span class='ocrx_word' id='word_1_178' title='bbox 794 1558 1003 1606; x_wconf 78' lang='grc' dir='ltr'><strong><em>κοχωνῶν,</em></strong></span> <span class='ocrx_word' id='word_1_179' title='bbox 1033 1550 1284 1605; x_wconf 78' lang='grc' dir='ltr'><strong><em>ἆργοναύτης</em></strong></span> <span class='ocrx_word' id='word_1_180' title='bbox 1316 1550 1455 1592; x_wconf 81' lang='grc' dir='ltr'><strong><em>οὑτοσί</em></strong></span> <span class='ocrx_word' id='word_1_181' title='bbox 1462 1567 1473 1601; x_wconf 92' lang='lat'>;</span> 
     </span>
     <span class='ocr_line' id='line_1_21' title="bbox 258 1616 1966 1672; baseline -0.001 -10"><span class='ocrx_word' id='word_1_182' title='bbox 258 1632 343 1663; x_wconf 91' lang='lat' dir='ltr'><strong>non</strong></span> <span class='ocrx_word' id='word_1_183' title='bbox 370 1622 567 1662; x_wconf 86' lang='lat' dir='ltr'><strong>sentiens</strong></span> <span class='ocrx_word' id='word_1_184' title='bbox 591 1632 723 1671; x_wconf 87' lang='lat' dir='ltr'><strong>quam</strong></span> <span class='ocrx_word' id='word_1_185' title='bbox 749 1620 983 1661; x_wconf 85' lang='lat' dir='ltr'><strong>difficulter</strong></span> <span class='ocrx_word' id='word_1_186' title='bbox 999 1620 1167 1660; x_wconf 91' lang='lat' dir='ltr'><strong>nudum</strong></span> <span class='ocrx_word' id='word_1_187' title='bbox 1184 1624 1252 1670; x_wconf 80' lang='grc' dir='ltr'><strong>τῆς</strong></span> <span class='ocrx_word' id='word_1_188' title='bbox 1269 1616 1421 1670; x_wconf 85' lang='grc' dir='ltr'><strong><em>ὀσφύος</em></strong></span> <span class='ocrx_word' id='word_1_189' title='bbox 1437 1620 1733 1672; x_wconf 85' lang='lat' dir='ltr'><strong>intellegatur,</strong></span> <span class='ocrx_word' id='word_1_190' title='bbox 1751 1621 1805 1661; x_wconf 85' lang='lat' dir='ltr'><strong>de</strong></span> <span class='ocrx_word' id='word_1_191' title='bbox 1820 1629 1905 1670; x_wconf 87' lang='lat' dir='ltr'><strong>quo</strong></span> <span class='ocrx_word' id='word_1_192' title='bbox 1920 1619 1966 1660; x_wconf 89' lang='lat' dir='ltr'><strong>in</strong></span> 
     </span>
     <span class='ocr_line' id='line_1_22' title="bbox 259 1687 1969 1739; baseline -0.002 -9"><span class='ocrx_word' id='word_1_193' title='bbox 259 1691 458 1730; x_wconf 89' lang='lat' dir='ltr'><strong>versione</strong></span> <span class='ocrx_word' id='word_1_194' title='bbox 485 1692 636 1730; x_wconf 90' lang='lat' dir='ltr'><strong>monet</strong></span> <span class='ocrx_word' id='word_1_195' title='bbox 665 1689 939 1739; x_wconf 85' lang='lat' dir='ltr'><strong>¹,meretricis</strong></span> <span class='ocrx_word' id='word_1_196' title='bbox 965 1688 1151 1728; x_wconf 88' lang='lat' dir='ltr'><strong>alicuius</strong></span> <span class='ocrx_word' id='word_1_197' title='bbox 1172 1687 1385 1739; x_wconf 84' lang='lat' dir='ltr'><strong>scilicet”,</strong></span> <span class='ocrx_word' id='word_1_198' title='bbox 1404 1698 1484 1728; x_wconf 91' lang='lat' dir='ltr'><strong>nec</strong></span> <span class='ocrx_word' id='word_1_199' title='bbox 1500 1699 1634 1738; x_wconf 90' lang='lat' dir='ltr'><strong>quam</strong></span> <span class='ocrx_word' id='word_1_200' title='bbox 1651 1689 1792 1730; x_wconf 87' lang='lat' dir='ltr'><strong>otiose</strong></span> <span class='ocrx_word' id='word_1_201' title='bbox 1808 1687 1969 1728; x_wconf 89' lang='lat' dir='ltr'><strong>ceteris</strong></span> 
     </span>
     <span class='ocr_line' id='line_1_23' title="bbox 258 1754 1912 1807; baseline -0.001 -9"><span class='ocrx_word' id='word_1_202' title='bbox 258 1758 429 1798; x_wconf 88' lang='lat' dir='ltr'><strong>adiecta</strong></span> <span class='ocrx_word' id='word_1_203' title='bbox 459 1758 550 1797; x_wconf 92' lang='lat' dir='ltr'><strong>sint</strong></span> <span class='ocrx_word' id='word_1_204' title='bbox 580 1757 715 1798; x_wconf 87' lang='lat' dir='ltr'><strong>verba</strong></span> <span class='ocrx_word' id='word_1_205' title='bbox 744 1754 809 1796; x_wconf 78' lang='grc' dir='ltr'><strong>ἐπὶ</strong></span> <span class='ocrx_word' id='word_1_206' title='bbox 838 1761 917 1795; x_wconf 84' lang='grc' dir='ltr'><strong>τῶν</strong></span> <span class='ocrx_word' id='word_1_207' title='bbox 948 1760 1149 1807; x_wconf 83' lang='grc' dir='ltr'><strong><em>κοχωνῶν.</em></strong></span> <span class='ocrx_word' id='word_1_208' title='bbox 1181 1755 1337 1796; x_wconf 82' lang='lat' dir='ltr'><strong>Melius</strong></span> <span class='ocrx_word' id='word_1_209' title='bbox 1367 1756 1518 1805; x_wconf 87' lang='lat' dir='ltr'><strong>utique</strong></span> <span class='ocrx_word' id='word_1_210' title='bbox 1549 1756 1912 1807; x_wconf 86' lang='lat' dir='ltr'><strong>intellegeremus</strong></span> 
     </span>
     <span class='ocr_line' id='line_1_24' title="bbox 599 1820 1810 1877; baseline 0 -14"><span class='ocrx_word' id='word_1_211' title='bbox 599 1824 656 1872; x_wconf 85' lang='grc' dir='ltr'><strong>τίς</strong></span> <span class='ocrx_word' id='word_1_212' title='bbox 688 1820 725 1863; x_wconf 85' lang='grc' dir='ltr'><strong>δ’</strong></span> <span class='ocrx_word' id='word_1_213' title='bbox 760 1821 877 1877; x_wconf 79' lang='grc' dir='ltr'><em>ἔγγὺς</em></span> <span class='ocrx_word' id='word_1_214' title='bbox 909 1821 1116 1876; x_wconf 46' lang='lat' dir='ltr'><strong>(ommes-‘n</strong></span> <span class='ocrx_word' id='word_1_215' title='bbox 1148 1820 1273 1874; x_wconf 78' lang='grc' dir='ltr'><strong><em>αὐτῆς</em></strong></span> <span class='ocrx_word' id='word_1_216' title='bbox 1303 1820 1524 1874; x_wconf 81' lang='grc' dir='ltr'><strong><em>ἁπτόμενος</em></strong></span> <span class='ocrx_word' id='word_1_217' title='bbox 1555 1828 1624 1875; x_wconf 85' lang='grc' dir='ltr'><strong>τῆς</strong></span> <span class='ocrx_word' id='word_1_218' title='bbox 1655 1821 1810 1874; x_wconf 81' lang='grc' dir='ltr'><strong><em>ὀσφύος</em></strong></span> 
     </span>
     <span class='ocr_line' id='line_1_25' title="bbox 596 1887 1483 1943; baseline 0 -13"><span class='ocrx_word' id='word_1_219' title='bbox 596 1890 662 1930; x_wconf 76' lang='grc' dir='ltr'><strong><em>καὶ</em></strong></span> <span class='ocrx_word' id='word_1_220' title='bbox 693 1897 771 1931; x_wconf 84' lang='grc' dir='ltr'><strong>τῶν</strong></span> <span class='ocrx_word' id='word_1_221' title='bbox 803 1896 1009 1943; x_wconf 77' lang='grc' dir='ltr'><strong><em>κοχωνῶν,</em></strong></span> <span class='ocrx_word' id='word_1_222' title='bbox 1042 1887 1295 1942; x_wconf 83' lang='grc' dir='ltr'><strong><em>ἇργοναύτης</em></strong></span> <span class='ocrx_word' id='word_1_223' title='bbox 1326 1888 1483 1939; x_wconf 55' lang='lat' dir='ltr'><strong>nemost</strong></span> 
     </span>
     <span class='ocr_line' id='line_1_26' title="bbox 258 1957 1395 2009; baseline -0.003 -9"><span class='ocrx_word' id='word_1_224' title='bbox 258 1960 340 2000; x_wconf 89' lang='lat' dir='ltr'><strong>Sed</strong></span> <span class='ocrx_word' id='word_1_225' title='bbox 371 1961 498 2000; x_wconf 85' lang='lat' dir='ltr'><strong>tanta</strong></span> <span class='ocrx_word' id='word_1_226' title='bbox 528 1959 778 2009; x_wconf 84' lang='lat' dir='ltr'><strong>corruptela</strong></span> <span class='ocrx_word' id='word_1_227' title='bbox 807 1958 1073 1999; x_wconf 84' lang='lat' dir='ltr'><strong>coniecturis</strong></span> <span class='ocrx_word' id='word_1_228' title='bbox 1103 1957 1201 1998; x_wconf 87' lang='lat' dir='ltr'><strong>tolli</strong></span> <span class='ocrx_word' id='word_1_229' title='bbox 1230 1958 1395 2007; x_wconf 91' lang='lat' dir='ltr'><strong>nequit.</strong></span> 
     </span>
    </p>

    <p class='ocr_par' dir='ltr' id='par_1_7' title="bbox 201 2023 1547 2079">
     <span class='ocr_line' id='line_1_27' title="bbox 201 2023 1547 2079; baseline 0 -12"><span class='ocrx_word' id='word_1_230' title='bbox 201 2028 268 2067; x_wconf 92' lang='lat' dir='ltr'><strong>Fr.</strong></span> <span class='ocrx_word' id='word_1_231' title='bbox 302 2029 401 2077; x_wconf 84' lang='lat'>545,</span> <span class='ocrx_word' id='word_1_232' title='bbox 438 2028 463 2067; x_wconf 87' lang='lat'>2</span> <span class='ocrx_word' id='word_1_233' title='bbox 496 2024 594 2079; x_wconf 79' lang='grc' dir='ltr'><strong><em>μέγα</em></strong></span> <span class='ocrx_word' id='word_1_234' title='bbox 625 2042 661 2066; x_wconf 78' lang='grc' dir='ltr'><strong>τι</strong></span> <span class='ocrx_word' id='word_1_235' title='bbox 706 2037 783 2077; x_wconf 90' lang='lat' dir='ltr'><strong>pro</strong></span> <span class='ocrx_word' id='word_1_236' title='bbox 814 2024 857 2065; x_wconf 88' lang='grc' dir='ltr'><strong>τὸ</strong></span> <span class='ocrx_word' id='word_1_237' title='bbox 889 2023 988 2078; x_wconf 77' lang='grc' dir='ltr'><strong><em>μέγα</em></strong></span> <span class='ocrx_word' id='word_1_238' title='bbox 1019 2025 1084 2065; x_wconf 92' lang='lat' dir='ltr'><strong>Bl.</strong></span> <span class='ocrx_word' id='word_1_239' title='bbox 1117 2024 1204 2064; x_wconf 81' lang='lat' dir='ltr'><strong>Vix</strong></span> <span class='ocrx_word' id='word_1_240' title='bbox 1234 2026 1547 2067; x_wconf 86' lang='lat' dir='ltr'><strong>necessarium.</strong></span> 
     </span>
    </p>

    <p class='ocr_par' dir='ltr' id='par_1_8' title="bbox 200 2092 1689 2142">
     <span class='ocr_line' id='line_1_28' title="bbox 200 2092 1689 2142; baseline 0 -8"><span class='ocrx_word' id='word_1_241' title='bbox 200 2096 268 2135; x_wconf 89' lang='lat' dir='ltr'><strong>Fr.</strong></span> <span class='ocrx_word' id='word_1_242' title='bbox 301 2096 400 2134; x_wconf 87' lang='lat'><strong>549.</strong></span> <span class='ocrx_word' id='word_1_243' title='bbox 433 2094 495 2135; x_wconf 78' lang='lat' dir='ltr'><strong>Cf.</strong></span> <span class='ocrx_word' id='word_1_244' title='bbox 529 2094 728 2134; x_wconf 84' lang='lat' dir='ltr'><strong>Menand.</strong></span> <span class='ocrx_word' id='word_1_245' title='bbox 762 2094 848 2134; x_wconf 85' lang='lat'><strong>826</strong></span> <span class='ocrx_word' id='word_1_246' title='bbox 881 2093 1009 2133; x_wconf 82' lang='lat' dir='ltr'><strong>Alex.</strong></span> <span class='ocrx_word' id='word_1_247' title='bbox 1043 2093 1089 2141; x_wconf 87' lang='lat'><strong>8;</strong></span> <span class='ocrx_word' id='word_1_248' title='bbox 1122 2092 1267 2142; x_wconf 89' lang='lat' dir='ltr'><strong>Polyz.</strong></span> <span class='ocrx_word' id='word_1_249' title='bbox 1300 2092 1342 2132; x_wconf 95' lang='lat' dir='ltr'><strong>II</strong></span> <span class='ocrx_word' id='word_1_250' title='bbox 1373 2093 1457 2134; x_wconf 84' lang='lat'><strong>867</strong></span> <span class='ocrx_word' id='word_1_251' title='bbox 1492 2094 1546 2134; x_wconf 82' lang='lat' dir='ltr'><strong>M.</strong></span> <span class='ocrx_word' id='word_1_252' title='bbox 1578 2093 1689 2141; x_wconf 78' lang='lat' dir='ltr'><strong>(BL).</strong></span> 
     </span>
    </p>

    <p class='ocr_par' dir='ltr' id='par_1_9' title="bbox 201 2160 1070 2208">
     <span class='ocr_line' id='line_1_29' title="bbox 201 2160 1070 2208; baseline -0.002 -6"><span class='ocrx_word' id='word_1_253' title='bbox 201 2162 269 2202; x_wconf 86' lang='lat' dir='ltr'><strong>Fr.</strong></span> <span class='ocrx_word' id='word_1_254' title='bbox 303 2163 401 2202; x_wconf 89' lang='lat'>559.</span> <span class='ocrx_word' id='word_1_255' title='bbox 434 2161 495 2202; x_wconf 80' lang='lat' dir='ltr'><strong>Cf.</strong></span> <span class='ocrx_word' id='word_1_256' title='bbox 525 2162 661 2201; x_wconf 90' lang='lat' dir='ltr'><strong>etiam</strong></span> <span class='ocrx_word' id='word_1_257' title='bbox 693 2161 806 2201; x_wconf 86' lang='lat' dir='ltr'><strong>Eccl.</strong></span> <span class='ocrx_word' id='word_1_258' title='bbox 841 2161 926 2201; x_wconf 84' lang='lat'><strong>833</strong></span> <span class='ocrx_word' id='word_1_259' title='bbox 959 2160 1070 2208; x_wconf 80' lang='lat' dir='ltr'><strong>(BL).</strong></span> 
     </span>
    </p>

    <p class='ocr_par' dir='ltr' id='par_1_10' title="bbox 202 2225 1965 2416">
     <span class='ocr_line' id='line_1_30' title="bbox 202 2225 1964 2283; baseline -0.001 -13"><span class='ocrx_word' id='word_1_260' title='bbox 202 2230 269 2270; x_wconf 84' lang='lat' dir='ltr'><strong>Fr.</strong></span> <span class='ocrx_word' id='word_1_261' title='bbox 303 2230 403 2270; x_wconf 87' lang='lat'><strong>563.</strong></span> <span class='ocrx_word' id='word_1_262' title='bbox 435 2229 500 2269; x_wconf 92' lang='lat' dir='ltr'><strong>Bl.</strong></span> <span class='ocrx_word' id='word_1_263' title='bbox 518 2229 592 2269; x_wconf 83' lang='lat' dir='ltr'><strong>cst.</strong></span> <span class='ocrx_word' id='word_1_264' title='bbox 619 2228 871 2281; x_wconf 79' lang='grc' dir='ltr'><strong><em>βαλανάγρα,</em></strong></span> <span class='ocrx_word' id='word_1_265' title='bbox 895 2228 1112 2281; x_wconf 79' lang='grc' dir='ltr'><strong><em>γαλεάγρα,</em></strong></span> <span class='ocrx_word' id='word_1_266' title='bbox 1136 2225 1319 2280; x_wconf 78' lang='grc' dir='ltr'><strong><em>κρέαγρα.</em></strong></span> <span class='ocrx_word' id='word_1_267' title='bbox 1354 2228 1502 2269; x_wconf 88' lang='lat' dir='ltr'><strong>Adde</strong></span> <span class='ocrx_word' id='word_1_268' title='bbox 1527 2228 1733 2282; x_wconf 79' lang='grc' dir='ltr'><strong><em>πυράγρα,</em></strong></span> <span class='ocrx_word' id='word_1_269' title='bbox 1757 2228 1964 2283; x_wconf 76' lang='grc' dir='ltr'><strong><em>ποδάγρα,</em></strong></span> 
     </span>
     <span class='ocr_line' id='line_1_31' title="bbox 259 2294 1963 2349; baseline 0.001 -14"><span class='ocrx_word' id='word_1_270' title='bbox 259 2297 442 2349; x_wconf 74' lang='grc' dir='ltr'><strong><em>χειράγρα</em></strong></span> <span class='ocrx_word' id='word_1_271' title='bbox 468 2298 513 2336; x_wconf 86' lang='lat' dir='ltr'><strong>et</strong></span> <span class='ocrx_word' id='word_1_272' title='bbox 538 2297 836 2336; x_wconf 88' lang='lat' dir='ltr'><strong>instrumenta</strong></span> <span class='ocrx_word' id='word_1_273' title='bbox 861 2295 1107 2345; x_wconf 86' lang='lat' dir='ltr'><strong>chirurgica</strong></span> <span class='ocrx_word' id='word_1_274' title='bbox 1128 2295 1196 2342; x_wconf 87' lang='lat' dir='ltr'><strong>(cf.</strong></span> <span class='ocrx_word' id='word_1_275' title='bbox 1214 2295 1365 2336; x_wconf 89' lang='lat' dir='ltr'><strong>Herm.</strong></span> <span class='ocrx_word' id='word_1_276' title='bbox 1382 2296 1627 2348; x_wconf 86' lang='lat' dir='ltr'><strong>XXXVIII,</strong></span> <span class='ocrx_word' id='word_1_277' title='bbox 1646 2297 1732 2338; x_wconf 89' lang='grc'><strong>282</strong></span> <span class='ocrx_word' id='word_1_278' title='bbox 1749 2300 1830 2348; x_wconf 88' lang='lat' dir='ltr'><strong>sq.)</strong></span> <span class='ocrx_word' id='word_1_279' title='bbox 1848 2294 1963 2337; x_wconf 80' lang='grc' dir='ltr'><strong><em>ὀδον-</em></strong></span> 
     </span>
     <span class='ocr_line' id='line_1_32' title="bbox 261 2360 1965 2416; baseline 0.002 -13"><span class='ocrx_word' id='word_1_280' title='bbox 261 2364 396 2416; x_wconf 77' lang='grc' dir='ltr'><strong><em>τάγρα,</em></strong></span> <span class='ocrx_word' id='word_1_281' title='bbox 426 2360 629 2415; x_wconf 79' lang='grc' dir='ltr'><strong><em>ὀστεάγρα,</em></strong></span> <span class='ocrx_word' id='word_1_282' title='bbox 659 2362 820 2415; x_wconf 75' lang='grc' dir='ltr'><strong><em>ῥιζάγρα</em></strong></span> <span class='ocrx_word' id='word_1_283' title='bbox 853 2366 954 2412; x_wconf 88' lang='lat' dir='ltr'><strong>(qua</strong></span> <span class='ocrx_word' id='word_1_284' title='bbox 983 2362 1175 2403; x_wconf 81' lang='lat' dir='ltr'><strong>fortasse</strong></span> <span class='ocrx_word' id='word_1_285' title='bbox 1206 2362 1405 2403; x_wconf 89' lang='lat' dir='ltr'><strong>dentium</strong></span> <span class='ocrx_word' id='word_1_286' title='bbox 1435 2365 1605 2405; x_wconf 88' lang='lat' dir='ltr'><strong>radices</strong></span> <span class='ocrx_word' id='word_1_287' title='bbox 1635 2365 1965 2413; x_wconf 86' lang='lat' dir='ltr'><strong>evellebantur).</strong></span> 
     </span>
    </p>

    <p class='ocr_par' dir='ltr' id='par_1_11' title="bbox 203 2429 1965 2688">
     <span class='ocr_line' id='line_1_33' title="bbox 203 2429 1965 2485; baseline 0.002 -14"><span class='ocrx_word' id='word_1_288' title='bbox 203 2432 271 2471; x_wconf 89' lang='lat' dir='ltr'><strong>Fr.</strong></span> <span class='ocrx_word' id='word_1_289' title='bbox 304 2432 389 2471; x_wconf 84' lang='lat'><strong>564</strong></span> <span class='ocrx_word' id='word_1_290' title='bbox 421 2441 486 2479; x_wconf 93' lang='lat' dir='ltr'><strong>sq.</strong></span> <span class='ocrx_word' id='word_1_291' title='bbox 529 2430 611 2470; x_wconf 93' lang='lat' dir='ltr'><strong>Pro</strong></span> <span class='ocrx_word' id='word_1_292' title='bbox 653 2429 961 2482; x_wconf 78' lang='grc' dir='ltr'><strong><em>Ἀριστοφάνους</em></strong></span> <span class='ocrx_word' id='word_1_293' title='bbox 993 2440 1059 2479; x_wconf 92' lang='lat' dir='ltr'><strong>ap.</strong></span> <span class='ocrx_word' id='word_1_294' title='bbox 1094 2429 1294 2470; x_wconf 82' lang='lat' dir='ltr'><strong>Eustath.</strong></span> <span class='ocrx_word' id='word_1_295' title='bbox 1331 2431 1457 2482; x_wconf 88' lang='lat'><strong>1720,</strong></span> <span class='ocrx_word' id='word_1_296' title='bbox 1493 2433 1549 2472; x_wconf 84' lang='lat'><strong>24</strong></span> <span class='ocrx_word' id='word_1_297' title='bbox 1582 2431 1811 2485; x_wconf 76' lang='grc' dir='ltr'><strong><em>Εὐριπίδου</em></strong></span> <span class='ocrx_word' id='word_1_298' title='bbox 1841 2432 1965 2474; x_wconf 84' lang='lat' dir='ltr'><strong>resti·</strong></span> 
     </span>
     <span class='ocr_line' id='line_1_34' title="bbox 259 2497 1963 2551; baseline 0.001 -13"><span class='ocrx_word' id='word_1_299' title='bbox 259 2499 345 2538; x_wconf 90' lang='lat' dir='ltr'><strong>tuit</strong></span> <span class='ocrx_word' id='word_1_300' title='bbox 375 2498 423 2538; x_wconf 84' lang='lat' dir='ltr'><strong>G.</strong></span> <span class='ocrx_word' id='word_1_301' title='bbox 450 2498 650 2548; x_wconf 75' lang='lat' dir='ltr'><strong>Dindorf,</strong></span> <span class='ocrx_word' id='word_1_302' title='bbox 685 2497 896 2547; x_wconf 84' lang='lat' dir='ltr'><strong>probante</strong></span> <span class='ocrx_word' id='word_1_303' title='bbox 922 2497 1134 2547; x_wconf 88' lang='lat' dir='ltr'><strong>Nauckio,</strong></span> <span class='ocrx_word' id='word_1_304' title='bbox 1164 2497 1275 2547; x_wconf 88' lang='lat' dir='ltr'><strong>apud</strong></span> <span class='ocrx_word' id='word_1_305' title='bbox 1303 2508 1432 2547; x_wconf 89' lang='lat' dir='ltr'><strong>quem</strong></span> <span class='ocrx_word' id='word_1_306' title='bbox 1459 2499 1511 2540; x_wconf 85' lang='lat' dir='ltr'><strong>fr.</strong></span> <span class='ocrx_word' id='word_1_307' title='bbox 1539 2500 1754 2551; x_wconf 89' lang='lat' dir='ltr'><strong>Euripidis</strong></span> <span class='ocrx_word' id='word_1_308' title='bbox 1777 2501 1848 2542; x_wconf 89' lang='lat' dir='ltr'><strong>est</strong></span> <span class='ocrx_word' id='word_1_309' title='bbox 1862 2501 1963 2542; x_wconf 82' lang='grc'><strong>866.</strong></span> 
     </span>
     <span class='ocr_line' id='line_1_35' title="bbox 263 2563 1964 2616; baseline 0.003 -11"><span class='ocrx_word' id='word_1_310' title='bbox 263 2566 408 2605; x_wconf 86' lang='lat' dir='ltr'><strong>Nauck</strong></span> <span class='ocrx_word' id='word_1_311' title='bbox 440 2565 543 2605; x_wconf 80' lang='lat' dir='ltr'><strong>fecit</strong></span> <span class='ocrx_word' id='word_1_312' title='bbox 575 2575 676 2604; x_wconf 88' lang='lat' dir='ltr'><strong>cum</strong></span> <span class='ocrx_word' id='word_1_313' title='bbox 709 2564 895 2615; x_wconf 86' lang='lat' dir='ltr'><strong>Bergkio</strong></span> <span class='ocrx_word' id='word_1_314' title='bbox 926 2566 971 2605; x_wconf 91' lang='lat' dir='ltr'><strong>et</strong></span> <span class='ocrx_word' id='word_1_315' title='bbox 1001 2563 1224 2604; x_wconf 84' lang='lat' dir='ltr'><strong>Dindorflo</strong></span> <span class='ocrx_word' id='word_1_316' title='bbox 1255 2565 1527 2616; x_wconf 88' lang='lat' dir='ltr'><strong>impugnatis</strong></span> <span class='ocrx_word' id='word_1_317' title='bbox 1556 2578 1583 2608; x_wconf 90' lang='lat' dir='ltr'><strong>a</strong></span> <span class='ocrx_word' id='word_1_318' title='bbox 1613 2568 1792 2609; x_wconf 81' lang='lat' dir='ltr'><strong>Kockio.</strong></span> <span class='ocrx_word' id='word_1_319' title='bbox 1819 2590 1872 2598; x_wconf 90' lang='lat'>—</span> <span class='ocrx_word' id='word_1_320' title='bbox 1899 2567 1964 2608; x_wconf 82' lang='lat'><strong>131.</strong></span> 
     </span>
     <span class='ocr_line' id='line_1_36' title="bbox 262 2629 1840 2688; baseline 0.003 -16"><span class='ocrx_word' id='word_1_321' title='bbox 262 2633 653 2683; x_wconf 89' lang='lat' dir='ltr'><strong>grammaticorum</strong></span> <span class='ocrx_word' id='word_1_322' title='bbox 686 2632 795 2672; x_wconf 89' lang='lat' dir='ltr'><strong>locis</strong></span> <span class='ocrx_word' id='word_1_323' title='bbox 826 2632 946 2673; x_wconf 87' lang='lat' dir='ltr'><strong>addit</strong></span> <span class='ocrx_word' id='word_1_324' title='bbox 976 2632 1081 2672; x_wconf 88' lang='lat' dir='ltr'><strong>Hes.</strong></span> <span class='ocrx_word' id='word_1_325' title='bbox 1115 2629 1360 2684; x_wconf 78' lang='grc' dir='ltr'><strong><em>ἅπιχθυς·</em></strong></span> <span class='ocrx_word' id='word_1_326' title='bbox 1392 2630 1414 2672; x_wconf 82' lang='grc' dir='ltr'>ὁ</span> <span class='ocrx_word' id='word_1_327' title='bbox 1445 2632 1499 2685; x_wconf 80' lang='grc' dir='ltr'><strong>μὴ</strong></span> <span class='ocrx_word' id='word_1_328' title='bbox 1531 2633 1680 2675; x_wconf 78' lang='grc' dir='ltr'><strong><em>ἐσθίων</em></strong></span> <span class='ocrx_word' id='word_1_329' title='bbox 1710 2635 1840 2688; x_wconf 77' lang='grc' dir='ltr'>ἰχθῦς.</span> 
     </span>
    </p>

    <p class='ocr_par' dir='ltr' id='par_1_12' title="bbox 206 2697 1967 2886">
     <span class='ocr_line' id='line_1_37' title="bbox 206 2697 1967 2754; baseline 0.003 -16"><span class='ocrx_word' id='word_1_330' title='bbox 206 2700 272 2739; x_wconf 85' lang='lat' dir='ltr'><strong>Fr.</strong></span> <span class='ocrx_word' id='word_1_331' title='bbox 306 2703 403 2748; x_wconf 85' lang='grc'>569,</span> <span class='ocrx_word' id='word_1_332' title='bbox 438 2701 478 2740; x_wconf 91' lang='grc'><strong>6,</strong></span> <span class='ocrx_word' id='word_1_333' title='bbox 511 2697 664 2750; x_wconf 81' lang='grc' dir='ltr'><strong><em>ἀμῶσιν</em></strong></span> <span class='ocrx_word' id='word_1_334' title='bbox 697 2699 850 2739; x_wconf 85' lang='lat' dir='ltr'><strong>Kockii</strong></span> <span class='ocrx_word' id='word_1_335' title='bbox 892 2699 1192 2739; x_wconf 89' lang='lat' dir='ltr'><strong>coniecturam</strong></span> <span class='ocrx_word' id='word_1_336' title='bbox 1231 2709 1309 2749; x_wconf 90' lang='lat' dir='ltr'><strong>pro</strong></span> <span class='ocrx_word' id='word_1_337' title='bbox 1340 2698 1508 2751; x_wconf 83' lang='grc' dir='ltr'><strong><em>ἀροῦσιν</em></strong></span> <span class='ocrx_word' id='word_1_338' title='bbox 1539 2713 1715 2743; x_wconf 90' lang='lat' dir='ltr'><strong>mecum</strong></span> <span class='ocrx_word' id='word_1_339' title='bbox 1747 2702 1967 2754; x_wconf 86' lang='lat' dir='ltr'><strong>improbat</strong></span> 
     </span>
     <span class='ocr_line' id='line_1_38' title="bbox 263 2763 1965 2824; baseline 0.004 -18"><span class='ocrx_word' id='word_1_340' title='bbox 263 2767 327 2807; x_wconf 90' lang='lat' dir='ltr'><strong>Bl.</strong></span> <span class='ocrx_word' id='word_1_341' title='bbox 360 2767 519 2807; x_wconf 87' lang='lat' dir='ltr'><strong>Verum</strong></span> <span class='ocrx_word' id='word_1_342' title='bbox 551 2767 662 2806; x_wconf 89' lang='lat' dir='ltr'><strong>mihi</strong></span> <span class='ocrx_word' id='word_1_343' title='bbox 694 2767 909 2816; x_wconf 88' lang='lat' dir='ltr'><strong>hodieque</strong></span> <span class='ocrx_word' id='word_1_344' title='bbox 942 2766 1115 2806; x_wconf 89' lang='lat' dir='ltr'><strong>videtur</strong></span> <span class='ocrx_word' id='word_1_345' title='bbox 1146 2763 1327 2818; x_wconf 73' lang='grc' dir='ltr'><strong><em>ἄγουσιν.</em></strong></span> <span class='ocrx_word' id='word_1_346' title='bbox 1361 2790 1414 2797; x_wconf 91' lang='grc'><strong>-</strong></span> <span class='ocrx_word' id='word_1_347' title='bbox 1453 2769 1526 2810; x_wconf 90' lang='lat' dir='ltr'><strong>Vs.</strong></span> <span class='ocrx_word' id='word_1_348' title='bbox 1559 2771 1600 2811; x_wconf 89' lang='lat'><strong>8.</strong></span> <span class='ocrx_word' id='word_1_349' title='bbox 1632 2771 1814 2824; x_wconf 77' lang='grc' dir='ltr'><strong><em>μέγιστον</em></strong></span> <span class='ocrx_word' id='word_1_350' title='bbox 1853 2763 1965 2810; x_wconf 52' lang='lat' dir='ltr'><strong>&lt;obv</strong></span> 
     </span>
     <span class='ocr_line' id='line_1_39' title="bbox 263 2829 1893 2886; baseline 0.004 -14"><span class='ocrx_word' id='word_1_351' title='bbox 263 2829 370 2872; x_wconf 71' lang='grc' dir='ltr'><strong><em>ἔστ’)</em></strong></span> <span class='ocrx_word' id='word_1_352' title='bbox 411 2834 494 2884; x_wconf 83' lang='grc' dir='ltr'><strong>ΒΙ.,</strong></span> <span class='ocrx_word' id='word_1_353' title='bbox 527 2834 597 2883; x_wconf 88' lang='lat' dir='ltr'><strong>qui</strong></span> <span class='ocrx_word' id='word_1_354' title='bbox 632 2834 756 2874; x_wconf 88' lang='lat' dir='ltr'><strong>Add.</strong></span> <span class='ocrx_word' id='word_1_355' title='bbox 789 2844 828 2884; x_wconf 88' lang='lat' dir='ltr'><strong>p.</strong></span> <span class='ocrx_word' id='word_1_356' title='bbox 862 2835 948 2874; x_wconf 86' lang='grc'><strong>816</strong></span> <span class='ocrx_word' id='word_1_357' title='bbox 982 2832 1185 2883; x_wconf 82' lang='lat' dir='ltr'><strong>plurimis</strong></span> <span class='ocrx_word' id='word_1_358' title='bbox 1216 2833 1324 2874; x_wconf 88' lang='lat' dir='ltr'><strong>locis</strong></span> <span class='ocrx_word' id='word_1_359' title='bbox 1354 2835 1651 2886; x_wconf 81' lang='lat' dir='ltr'><strong>fragmentum</strong></span> <span class='ocrx_word' id='word_1_360' title='bbox 1684 2838 1893 2879; x_wconf 86' lang='lat' dir='ltr'><strong>illustrat.</strong></span> 
     </span>
    </p>

    <p class='ocr_par' dir='ltr' id='par_1_13' title="bbox 207 2898 1966 2957">
     <span class='ocr_line' id='line_1_40' title="bbox 207 2898 1966 2957; baseline 0.003 -17"><span class='ocrx_word' id='word_1_361' title='bbox 207 2901 272 2940; x_wconf 75' lang='lat' dir='ltr'><strong>Fr.</strong></span> <span class='ocrx_word' id='word_1_362' title='bbox 305 2901 404 2940; x_wconf 85' lang='grc'>576.</span> <span class='ocrx_word' id='word_1_363' title='bbox 439 2901 501 2939; x_wconf 89' lang='lat' dir='ltr'><strong>Bl.</strong></span> <span class='ocrx_word' id='word_1_364' title='bbox 536 2901 608 2940; x_wconf 82' lang='lat' dir='ltr'><strong>cst.</strong></span> <span class='ocrx_word' id='word_1_365' title='bbox 642 2901 802 2941; x_wconf 85' lang='lat' dir='ltr'><strong>Athen.</strong></span> <span class='ocrx_word' id='word_1_366' title='bbox 829 2900 934 2940; x_wconf 89' lang='lat' dir='ltr'><strong>XIII</strong></span> <span class='ocrx_word' id='word_1_367' title='bbox 952 2901 1037 2940; x_wconf 85' lang='lat'>595</span> <span class='ocrx_word' id='word_1_368' title='bbox 1066 2898 1120 2950; x_wconf 83' lang='grc' dir='ltr'><strong>μὴ</strong></span> <span class='ocrx_word' id='word_1_369' title='bbox 1146 2898 1274 2951; x_wconf 87' lang='grc' dir='ltr'><strong><em>μόνον</em></strong></span> <span class='ocrx_word' id='word_1_370' title='bbox 1298 2901 1509 2952; x_wconf 76' lang='grc' dir='ltr'><strong><em>τρίδουλον</em></strong></span> <span class='ocrx_word' id='word_1_371' title='bbox 1537 2901 1634 2944; x_wconf 78' lang='grc' dir='ltr'><strong>ἀλλὰ</strong></span> <span class='ocrx_word' id='word_1_372' title='bbox 1655 2903 1966 2957; x_wconf 77' lang='grc' dir='ltr'><strong><em>καὶτρίπορνον-</em></strong></span> 
     </span>
    </p>

    <p class='ocr_par' dir='ltr' id='par_1_14' title="bbox 210 2967 1498 3021">
     <span class='ocr_line' id='line_1_41' title="bbox 210 2967 1498 3021; baseline 0.004 -15"><span class='ocrx_word' id='word_1_373' title='bbox 210 2968 273 3006; x_wconf 85' lang='lat' dir='ltr'><strong>Fr.</strong></span> <span class='ocrx_word' id='word_1_374' title='bbox 306 2969 391 3007; x_wconf 82' lang='lat'>579</span> <span class='ocrx_word' id='word_1_375' title='bbox 424 2972 468 3006; x_wconf 84' lang='lat' dir='ltr'><strong>et</strong></span> <span class='ocrx_word' id='word_1_376' title='bbox 499 2970 580 3007; x_wconf 87' lang='grc'><strong>581</strong></span> <span class='ocrx_word' id='word_1_377' title='bbox 616 2968 723 3008; x_wconf 89' lang='lat' dir='ltr'><strong>locis</strong></span> <span class='ocrx_word' id='word_1_378' title='bbox 756 2968 952 3008; x_wconf 88' lang='lat' dir='ltr'><strong>illustrat</strong></span> <span class='ocrx_word' id='word_1_379' title='bbox 983 2968 1048 3007; x_wconf 92' lang='lat' dir='ltr'><strong>Bl.</strong></span> <span class='ocrx_word' id='word_1_380' title='bbox 1082 2967 1208 3007; x_wconf 90' lang='lat' dir='ltr'><strong>Add.</strong></span> <span class='ocrx_word' id='word_1_381' title='bbox 1242 2978 1283 3018; x_wconf 88' lang='lat' dir='ltr'><strong>p.</strong></span> <span class='ocrx_word' id='word_1_382' title='bbox 1316 2969 1402 3010; x_wconf 85' lang='grc'><strong>816</strong></span> <span class='ocrx_word' id='word_1_383' title='bbox 1433 2981 1498 3021; x_wconf 86' lang='lat' dir='ltr'><strong>sq.</strong></span> 
     </span>
    </p>

    <p class='ocr_par' dir='ltr' id='par_1_15' title="bbox 209 3034 1966 3294">
     <span class='ocr_line' id='line_1_42' title="bbox 209 3034 1966 3090; baseline 0.003 -17"><span class='ocrx_word' id='word_1_384' title='bbox 209 3034 274 3073; x_wconf 78' lang='lat' dir='ltr'><strong>Fr.</strong></span> <span class='ocrx_word' id='word_1_385' title='bbox 307 3035 406 3082; x_wconf 89' lang='lat'><strong>580,</strong></span> <span class='ocrx_word' id='word_1_386' title='bbox 444 3036 480 3073; x_wconf 93' lang='lat'><strong>1.</strong></span> <span class='ocrx_word' id='word_1_387' title='bbox 516 3035 596 3074; x_wconf 88' lang='lat' dir='ltr'><strong>Pro</strong></span> <span class='ocrx_word' id='word_1_388' title='bbox 628 3035 838 3085; x_wconf 81' lang='grc' dir='ltr'><strong><em>μελάντατε</em></strong></span> <span class='ocrx_word' id='word_1_389' title='bbox 865 3035 1032 3076; x_wconf 87' lang='lat' dir='ltr'><strong>Seidler</strong></span> <span class='ocrx_word' id='word_1_390' title='bbox 1056 3034 1284 3085; x_wconf 81' lang='grc' dir='ltr'><strong><em>ταλάντατε,</em></strong></span> <span class='ocrx_word' id='word_1_391' title='bbox 1309 3036 1374 3077; x_wconf 86' lang='lat' dir='ltr'><strong>Bl.</strong></span> <span class='ocrx_word' id='word_1_392' title='bbox 1402 3038 1721 3080; x_wconf 80' lang='lat' dir='ltr'><strong>violentissime</strong></span> <span class='ocrx_word' id='word_1_393' title='bbox 1745 3038 1966 3090; x_wconf 77' lang='grc' dir='ltr'><strong><em>σοφώτατε,</em></strong></span> 
     </span>
     <span class='ocr_line' id='line_1_43' title="bbox 266 3102 1961 3158; baseline 0.005 -18"><span class='ocrx_word' id='word_1_394' title='bbox 266 3102 340 3141; x_wconf 87' lang='lat' dir='ltr'><strong>sed</strong></span> <span class='ocrx_word' id='word_1_395' title='bbox 385 3102 468 3141; x_wconf 88' lang='lat' dir='ltr'><strong>vid.</strong></span> <span class='ocrx_word' id='word_1_396' title='bbox 511 3102 643 3142; x_wconf 86' lang='lat' dir='ltr'><strong>Kock.</strong></span> <span class='ocrx_word' id='word_1_397' title='bbox 681 3125 731 3131; x_wconf 93' lang='lat'>—</span> <span class='ocrx_word' id='word_1_398' title='bbox 765 3103 838 3143; x_wconf 86' lang='lat' dir='ltr'><strong>Vs.</strong></span> <span class='ocrx_word' id='word_1_399' title='bbox 882 3103 922 3143; x_wconf 90' lang='grc'><strong>2.</strong></span> <span class='ocrx_word' id='word_1_400' title='bbox 971 3103 1054 3143; x_wconf 88' lang='lat' dir='ltr'><strong>Pro</strong></span> <span class='ocrx_word' id='word_1_401' title='bbox 1100 3102 1155 3150; x_wconf 80' lang='grc' dir='ltr'><strong>εἰς</strong></span> <span class='ocrx_word' id='word_1_402' title='bbox 1202 3103 1436 3146; x_wconf 86' lang='lat' dir='ltr'><strong>verissime</strong></span> <span class='ocrx_word' id='word_1_403' title='bbox 1476 3104 1530 3154; x_wconf 79' lang='grc' dir='ltr'><strong>ὡς</strong></span> <span class='ocrx_word' id='word_1_404' title='bbox 1569 3108 1749 3158; x_wconf 90' lang='lat' dir='ltr'><strong>corrigit</strong></span> <span class='ocrx_word' id='word_1_405' title='bbox 1779 3107 1873 3148; x_wconf 85' lang='lat' dir='ltr'><strong>Fix.</strong></span> <span class='ocrx_word' id='word_1_406' title='bbox 1907 3128 1961 3136; x_wconf 93' lang='lat'>—</span> 
     </span>
     <span class='ocr_line' id='line_1_44' title="bbox 267 3168 1961 3228; baseline 0.007 -24"><span class='ocrx_word' id='word_1_407' title='bbox 267 3168 339 3208; x_wconf 88' lang='lat' dir='ltr'><strong>Vs.</strong></span> <span class='ocrx_word' id='word_1_408' title='bbox 366 3170 406 3208; x_wconf 87' lang='lat'><strong>3.</strong></span> <span class='ocrx_word' id='word_1_409' title='bbox 444 3169 665 3224; x_wconf 79' lang='grc' dir='ltr'><strong><em>τραγῳδίαν</em></strong></span> <span class='ocrx_word' id='word_1_410' title='bbox 686 3173 755 3210; x_wconf 89' lang='lat' dir='ltr'><strong>est</strong></span> <span class='ocrx_word' id='word_1_411' title='bbox 780 3170 940 3210; x_wconf 86' lang='lat' dir='ltr'><strong>calami</strong></span> <span class='ocrx_word' id='word_1_412' title='bbox 967 3170 1117 3220; x_wconf 89' lang='lat' dir='ltr'><strong>lapsus</strong></span> <span class='ocrx_word' id='word_1_413' title='bbox 1129 3171 1177 3217; x_wconf 87' lang='lat'>(‘?)</span> <span class='ocrx_word' id='word_1_414' title='bbox 1206 3180 1282 3220; x_wconf 89' lang='lat' dir='ltr'><strong>pro</strong></span> <span class='ocrx_word' id='word_1_415' title='bbox 1299 3172 1497 3228; x_wconf 74' lang='grc' dir='ltr'><strong><em>μελῳδίαν</em></strong></span> <span class='ocrx_word' id='word_1_416' title='bbox 1513 3174 1707 3225; x_wconf 85' lang='lat' dir='ltr'><strong>Bergkii,</strong></span> <span class='ocrx_word' id='word_1_417' title='bbox 1735 3185 1865 3224; x_wconf 90' lang='lat' dir='ltr'><strong>quem</strong></span> <span class='ocrx_word' id='word_1_418' title='bbox 1883 3174 1961 3215; x_wconf 83' lang='lat' dir='ltr'><strong>im·</strong></span> 
     </span>
     <span class='ocr_line' id='line_1_45' title="bbox 265 3236 1962 3294; baseline 0.005 -19"><span class='ocrx_word' id='word_1_419' title='bbox 265 3236 453 3285; x_wconf 90' lang='lat' dir='ltr'><strong>prudens</strong></span> <span class='ocrx_word' id='word_1_420' title='bbox 468 3238 629 3286; x_wconf 89' lang='lat' dir='ltr'><strong>recepit</strong></span> <span class='ocrx_word' id='word_1_421' title='bbox 645 3237 789 3285; x_wconf 83' lang='lat' dir='ltr'><strong>Kock;</strong></span> <span class='ocrx_word' id='word_1_422' title='bbox 813 3238 1000 3278; x_wconf 90' lang='lat' dir='ltr'><strong>eundem</strong></span> <span class='ocrx_word' id='word_1_423' title='bbox 1018 3240 1068 3277; x_wconf 88' lang='lat' dir='ltr'><strong>ut</strong></span> <span class='ocrx_word' id='word_1_424' title='bbox 1083 3247 1211 3278; x_wconf 87' lang='lat' dir='ltr'><strong>suam</strong></span> <span class='ocrx_word' id='word_1_425' title='bbox 1228 3239 1526 3282; x_wconf 88' lang='lat' dir='ltr'><strong>coniecturam</strong></span> <span class='ocrx_word' id='word_1_426' title='bbox 1542 3242 1744 3294; x_wconf 84' lang='lat' dir='ltr'><strong>proponit</strong></span> <span class='ocrx_word' id='word_1_427' title='bbox 1759 3242 1962 3291; x_wconf 85' lang='lat' dir='ltr'><strong>Blaydes.</strong></span> 
     </span>
    </p>
   </div>
  </div>
 </body>
</html>
