2216 3522
1154 246 1209 282 OS

358 373 471 423 quod
509 373 701 413 sensisse
743 374 877 413 etiam
910 372 973 412 Bl.
1008 371 1193 421 videtur,
1227 371 1300 420 qui
1331 371 1557 421 proposuit
1590 369 1873 417 συνδειπνεῑῐν)
1897 391 1945 398 -
1963 368 2065 422 βού-

358 442 481 491 λεται,
526 451 602 490 pro
647 451 731 490 quo
769 440 913 491 paullo
954 438 1096 480 lenius
1137 439 1281 489 possis
1323 435 1384 476 ἂν
1423 435 1594 487 θέλοι,
1633 439 1711 478 aut
1750 437 1986 478 συνδειπνεῖ
2007 458 2060 466 -

360 506 563 557 ἀξίους,
609 508 721 558 quod
760 508 950 548 fortasse
990 516 1147 547 verum
1192 507 1276 547 est.
1323 506 1454 545 Nasci
1495 504 1624 545 facile
1664 505 1808 555 potuit
1853 502 2002 554 ὠνίους
2040 514 2066 546 e

360 576 627 626 glossemate
669 577 801 616 huius
832 575 1037 615 adiectivi
1066 573 1263 625 εὐώνους,
1292 574 1426 614 metri
1458 583 1593 614 causa
1622 571 1773 613 reficto
1804 583 1831 614 a
1861 573 2066 615 librariis.

361 644 565 684 Eiusdem
604 644 856 685 coniectura
897 654 961 684 vs.
998 644 1050 683 18
1094 641 1326 695 ἀσύμβολον
1356 655 1396 681 τε
1435 640 1508 693 τὴν
1548 639 1774 694 ἀναγκαίαν
1814 640 1941 692 φύσιν
1980 650 2066 682 non

359 711 611 762 intellegere
653 722 724 752 me
764 711 916 762 fateor,
955 712 1003 751 ut
1034 710 1205 751 obscuri
1237 709 1346 750 mihi
1378 710 1549 750 restant
1582 709 1718 749 etiam
1749 710 1850 760 post
1881 709 2066 750 erudito·

361 789 457 819 rum
491 789 618 819 curas
650 779 735 819 duo
766 779 912 819 ultimi
944 788 1114 819 versus.

303 846 369 886 F'r.
403 847 472 887 84.
506 846 568 887 Cf.
602 847 933 897 Aristophontis
965 846 1018 887 fr.
1053 849 1093 886 4.
1126 868 1174 873 —
1195 845 1269 886 Vs.
1303 847 1344 886 4.
1376 845 1438 886 De
1469 840 1672 897 ἐξελήλυθ’
1706 845 1773 886 Bl.
1800 845 1874 886 cft.
1906 844 2068 896 Diphil.

362 913 419 952 IV
450 915 536 954 408
572 915 624 954 M.
673 917 718 955 et
765 914 838 964 Eq.
873 915 973 955 430.
1013 937 1064 943 —
1097 914 1172 954 Vs.
1201 914 1241 954 9.
1277 912 1425 961 παῖδας
1466 911 1740 965 θεατροπίπης
1770 912 1905 954 Kock.
1937 912 2067 953 Aliud

360 981 496 1021 latere
554 982 739 1023 videtur.
795 983 1083 1023 Praetulerim
1133 984 1252 1023 certe
1298 983 1471 1021 καλεῖται
1516 980 1788 1033 παιδοπίπης,
1832 980 1911 1021 sed
1956 979 2068 1021 nihil

361 1049 467 1088 certi
496 1050 702 1091 extundo.
724 1073 776 1079 -
806 1050 880 1091 Vs.
908 1052 948 1092 8.
983 1050 1164 1103 κεστρεύς
1194 1065 1251 1098 τις
1282 1060 1360 1101 pro
1391 1052 1591 1103 κεστρῖνος
1622 1050 1718 1090 sine
1748 1059 1881 1090 causa
1910 1048 2069 1090 idonea

361 1116 424 1155 Bl.
460 1138 517 1144 --
544 1118 617 1158 Vs.
655 1119 708 1158 10

567 1182 730 1236 ὑφείλετ’
766 1183 870 1235 ἄρνα
901 1186 1091 1238 ποιμένος
1123 1185 1344 1237 παίζων,
1377 1184 1578 1237 Ἀτρεὺς
1607 1183 1822 1237 ἐκλήθη.

361 1252 498 1293 Locus
530 1264 740 1304 perquam
772 1255 1092 1306 memorabilis,
1126 1254 1241 1295 unde
1267 1256 1449 1305 apparet
1474 1264 1590 1294 nova
1614 1251 1742 1294 nobis
1767 1252 1910 1293 forma
1933 1252 2064 1293 notis·

364 1325 505 1366 simae
546 1324 718 1364 fabulae
755 1324 806 1364 de
838 1324 934 1364 ovis
966 1333 1098 1363 aureo
1131 1323 1309 1374 vellere,
1344 1333 1475 1373 quam
1507 1322 1695 1363 {ormam
1730 1320 2067 1361 Anaxandridae

361 1396 507 1434 aetate
541 1393 653 1432 satis
680 1392 907 1442 vulgarem
933 1392 1071 1432 fuisse
1097 1402 1278 1432 necesse
1305 1393 1392 1442 est,
1422 1392 1471 1431 ut
1503 1392 1652 1441 poeta,
1682 1390 1751 1430 cui
1776 1389 1943 1430 facilior
1971 1389 2070 1429 erat

360 1463 534 1511 propter
560 1470 767 1500 numeros
792 1460 1012 1509 Thyestae
1038 1470 1198 1500 nomen
1225 1469 1362 1510 paene
1388 1459 1692 1509 excludentes,
1726 1468 1779 1498 ea
1809 1457 1874 1498 uti
1903 1457 2068 1507 posset.

360 1529 456 1569 Noli
482 1531 631 1568 autem
664 1528 839 1568 credere
871 1528 1004 1568 verba
1034 1523 1201 1578 ὑφείλετ’
1235 1525 1339 1579 ἄρνα
1368 1524 1558 1577 ποιμένος
1589 1526 1642 1567 de
1674 1537 1778 1567 vero
1804 1527 1918 1576 ag'no
1944 1526 1990 1566 et
2014 1524 2068 1565 de

363 1607 463 1636 vero
505 1598 679 1646 pastore
721 1596 972 1646 accipienda
1011 1605 1121 1636 esse.
1164 1595 1319 1636 Procul
1360 1595 1490 1636 dubio
1530 1595 1675 1645 agitur
1706 1594 1759 1634 de
1790 1592 1990 1634 amatore
2019 1589 2068 1631 τὰ

363 1663 528 1703 παιδικά
560 1664 634 1704 alii
665 1664 854 1704 amatori
885 1660 1161 1715 surripiente.
1194 1663 1256 1704 Cf.
1289 1664 1364 1704 Ar.
1396 1663 1526 1714 Vesp.
1560 1663 1669 1704 570:

421 1731 454 1771 εἰ
485 1729 557 1782 μὲν
588 1731 734 1783 χαίρεις
767 1729 888 1783 ἀρνὸς
920 1738 1038 1787 φωνῇ
1071 1734 1191 1787 (πωλῇ
1222 1732 1414 1779 Richter)
1444 1730 1589 1779 παιδὸς
1619 1728 1764 1782 φωνὴν
1795 1727 1982 1781 ἐλεήσαις.

364 1800 576 1839 Similiter
622 1809 687 1839 vs.
740 1801 788 1839 11
839 1801 1140 1850 accipiendum
1187 1799 1315 1852 κρίος,
1358 1800 1435 1840 sed
1480 1798 1700 1849 κωδάριον,
1754 1797 1867 1848 quod
1909 1794 2068 1845 aliquis

362 1868 547 1907 conviva
593 1868 753 1917 hospiti
799 1869 1053 1919 suffuratur,
1095 1879 1230 1909 sensu
1270 1869 1458 1919 proprio.
1501 1868 1608 1918 Quid
1652 1877 1753 1908 vero
1794 1876 1860 1907 vs.
1897 1865 1951 1906 10
1981 1862 2068 1904 sibi

366 1934 467 1975 velit
502 1933 653 1982 παίζων
694 1935 808 1975 haud
846 1936 1065 1986 intellego.
1103 1937 1309 1977 Fortasse
1340 1936 1422 1977 sub
1453 1936 1678 1987 participio
1711 1935 1788 1976 vix
1817 1943 1928 1974 sano
1957 1931 2068 1973 latet

360 2003 626 2043 adiectivum
658 2003 831 2052 aliquod
863 2004 1131 2054 iungendum
1163 2015 1264 2045 cum
1295 2002 1417 2056 ἄρνα,
1447 2005 1544 2045 sive
1574 2002 1699 2044 καλόν
1731 2003 1829 2044 sive
1858 2000 1990 2042 aliud.

422 2072 588 2111 Iniuria
627 2071 691 2111 Bl.
725 2082 789 2111 VS.
823 2073 848 2111 6
890 2074 1032 2112 tentat
1072 2070 1123 2111 ἂν
1163 2071 1318 2125 πέφηνε
1358 2084 1434 2124 pro
1465 2069 1720 2124 ἀναπέφηνε,
1759 2070 1872 2121 quod
1903 2066 2065 2120 Signifi-

361 2141 432 2179 cat
477 2141 708 2189 repente
753 2140 981 2190 existit,
1025 2140 1052 2181 i.
1080 2151 1117 2181 e.
1161 2141 1316 2182 statim
1363 2142 1559 2182 vocatur.
1592 2140 1654 2181 Cf.
1697 2150 1737 2180 v·
1770 2149 1806 2179 c.
1849 2137 1967 2178 Pluti
1998 2145 2064 2176 vs.

362 2207 646 2247 notissimus:

717 2271 820 2327 ἀνὴρ
853 2273 1044 2327 ἐξαίφνης
1077 2274 1390 2328 ἀναπέφηνε
1420 2276 1625 2324 πλούσιος.

360 2344 409 2383 ut
455 2342 536 2382 hoc
582 2342 875 2393 compositum
925 2345 1127 2394 usurpari
1173 2345 1287 2385 solet
1333 2345 1385 2385 de
1432 2345 1486 2384 iis
1531 2353 1642 2394 quae
1684 2344 1762 2384 aut
1799 2341 1948 2382 subito
1988 2340 2066 2380 aut

361 2412 532 2460 praeter
563 2412 915 2461 expectationem
947 2414 1172 2462 apparent.

304 2478 368 2518 Fr.
404 2479 471 2518 35.
520 2478 613 2518 Non
662 2479 807 2529 inepte
852 2479 918 2520 Bl.
960 2478 1274 2533 μαγάδιςτὼς
1314 2479 1496 2534 μαγάδις.
1539 2480 1669 2521 Certa
1698 2477 1945 2520 causaboni
1975 2486 2063 2518 001·-

362 2547 494 2586 rectio
526 2549 594 2586 est
625 2544 735 2599 μέγα.

306 2614 368 2653 Fr.
404 2615 472 2654 36.
505 2612 751 2666 λεπτοτέρως.
784 2614 848 2655 Bl.
882 2615 956 2655 eft.
990 2613 1209 2668 εὐρυτέρως
1244 2617 1318 2657 Ar.
1357 2617 1456 2666 Lys.
1490 2617 1591 2657 419.
2199 2648 2216 2669 9

304 2681 368 2720 Fr.
402 2682 471 2730 37,
505 2683 544 2721 3.
580 2681 642 2722 Bl.
674 2680 717 2721 τὸ
748 2682 861 2732 σῶμά
892 2693 966 2723 σου
999 2683 1142 2724 lenius
1175 2686 1221 2724 et
1253 2685 1400 2734 aptius
1431 2694 1563 2733 quam
1597 2682 1717 2724 Kock
1742 2680 1786 2722 τὸ
1814 2679 1944 2734 σχῆμά
1969 2690 2066 2732 σου,
2198 2703 2216 2774 i

362 2758 445 2787 non
479 2750 595 2788 enim
630 2750 720 2799 ipse
754 2749 931 2790 habitus
963 2762 1123 2791 curvus
1154 2762 1362 2792 ancora
1392 2752 1475 2792 dici
1507 2752 1690 2802 poterat.

306 2814 369 2854 Fr.
404 2817 472 2855 38.
514 2814 657 2867 Ἄρεως
700 2819 817 2857 recte
858 2818 1054 2867 postulat
1094 2818 1224 2859 idem.
1267 2819 1447 2860 Brevior
1478 2819 1621 2860 forma
1647 2816 1804 2870 Ἄρεος,
1834 2818 1884 2858 ut
1913 2813 2065 2866 ἄστεος,

362 2893 444 2922 non
478 2884 559 2922 nisi
596 2884 767 2924 iubente
800 2888 942 2925 metro
974 2896 1000 2926 a
1032 2887 1173 2937 poetis
1204 2887 1469 2928 admittitur.

306 2949 369 2987 Fr.
404 2951 471 2998 39,
508 2953 545 2990 ῡ.
591 2951 666 2991 Vel
710 2955 884 3002 propter
925 2964 989 2993 vs.
1031 2965 1096 3003 sq.
1140 2965 1240 2995 cum
1274 2955 1336 2995 Bl.
1372 2955 1524 2995 malim
1556 2952 1784 3005 δαιμόνων;
1825 2963 1907 2995 nec
1938 2951 2063 2993 video

361 3027 435 3055 cur
469 3027 529 3056 ve.
570 3020 617 3057 14
651 3030 750 3059 cum
784 3019 948 3060 Kockio
981 3020 1183 3071 legamus
1216 3021 1369 3073 δυνατὴ
1403 3033 1480 3072 pro
1508 3021 1690 3062 δύναται.

306 3082 369 3121 Fr.
405 3086 472 3131 -ιι,
507 3087 544 3123 5.
581 3086 640 3124 ssl.
674 3087 934 3138 βουβαύκαλά
965 3084 995 3141 y’
1027 3087 1156 3129 αὐτὰ
1188 3090 1330 3137 (Mein.
1357 3093 1494 3136 ταῦτα)
1521 3090 1670 3131 nescio
1697 3098 1753 3129 an
1779 3090 1912 3130 recte.
1937 3087 2062 3130 Idem

361 3150 433 3188 cst.
461 3151 711 3193 Cratineum
744 3155 1023 3207 σουβαύβαλος
1054 3158 1100 3197 et
1131 3168 1195 3198 vs.
1223 3158 1250 3198 8
1277 3158 1459 3207 requirit
1484 3159 1715 3198 accentum
1740 3156 2062 3210 βουτυροφαγᾶς.

362 3217 485 3257 Hunc
515 3230 620 3259 sane
653 3221 814 3262 habent
844 3230 1078 3277 καταφαγᾶς
1109 3227 1154 3267 et
1184 3231 1437 3279 κατωφαγᾶς.
1469 3247 1520 3254 -
1547 3225 1621 3265 VS.
1655 3226 1720 3264 10.
1754 3225 1875 3266 Idem
1908 3225 2062 3275 putare

363 3285 531 3325 videtur
570 3297 723 3328 omnes
764 3288 929 3341 λέβητας
971 3302 1131 3334 aeneos
1168 3293 1322 3345 fuisse,
1360 3293 1493 3334 deleri
1526 3293 1681 3334 iubens
1713 3291 1931 3343 virgulam
1961 3291 2063 3343 post
