2216 3522
1014 247 1070 286 99

219 362 344 419 εἶναι,
386 379 473 409 non
515 380 619 409 vero
664 369 886 419 reputavit
932 369 995 409 ita
1039 378 1194 419 graece
1243 368 1475 408 dicendum
1522 368 1659 408 fuisse
1706 370 1782 408 aut
1827 367 1920 415 τοὺς

222 433 388 487 λέβητας
432 435 524 484 τοὺς
570 439 738 488 χαλκοῦς
781 439 858 476 aut
897 436 990 484 τοὺς
1027 439 1196 488 χαλκοῦς
1235 433 1411 487 λέβητας.
1455 435 1563 485 Quid
1606 446 1709 475 vero
1742 435 1925 485 impedit

221 503 457 551 quominus
491 505 746 544 statuamus
777 505 916 545 fuisse
948 506 1084 545 etiam
1115 505 1299 554 ferreas,
1332 503 1403 543 hic
1434 513 1537 543 vero
1569 513 1728 543 aeneos
1757 504 1807 542 ut
1837 513 1924 552 pre-

221 560 425 611 tiosiores
455 573 826 612 commemorari?
858 573 900 612 Si
934 573 1035 622 quid
1067 573 1319 613 novandum
1352 574 1469 618 (nam
1503 571 1829 611 concedendum
1860 573 1928 610 est

222 639 334 678 satis
374 640 601 689 vulgarem
642 650 739 680 esse
788 650 1087 680 aeneorum
1130 640 1425 688 memoriam),
1475 639 1519 678 in
1565 641 1690 679 tanto
1737 639 1926 684 convivii

217 706 448 756 splendore
479 708 524 747 et
554 707 664 748 luxu
693 708 840 758 potius
872 708 1130 748 crediderim
1162 709 1340 758 poetam
1372 707 1566 747 dedisse:

609 777 702 822 τοὺς
735 773 778 814 δὲ
809 773 975 827 λέβητας
1007 780 1238 827 χρυσοῦς
1270 770 1373 813 εἶναι
1403 772 1480 813 κτὲ.

222 841 274 881 cl.
302 852 367 881 vs.
395 842 450 882 25
468 844 513 882 et
530 844 599 892 26,
629 844 701 883 ubi
718 844 832 883 haud
858 843 1060 892 displicet
1082 844 1191 883 mihi
1208 843 1271 882 Bl.
1290 843 1647 893 supplementum
1670 847 1926 895 <χρυσοῦν>

223 907 385 960 φιάλην.
419 932 473 938 -
507 910 580 950 Vs.
618 913 685 951 11.
719 912 875 951 Nescio
908 921 963 951 an
996 913 1115 951 recte
1148 912 1210 951 Bl.
1244 910 1365 950 οἴκων
1396 914 1632 957 (oecorum)
1665 921 1742 960 pro
1774 910 1931 949 λάκκων

226 977 459 1017 coniecerit
510 981 686 1028 propter
740 979 964 1028 epitheton
1022 979 1335 1018 δωδεκακλίνων.
1390 978 1535 1018 Facile
1581 980 1732 1018 autem
1777 979 1932 1017 notum

225 1043 339 1093 sigla
390 1045 430 1092 κ
475 1046 554 1085 tali
585 1047 721 1086 errori
753 1057 910 1086 ansam
942 1047 1047 1086 dare
1075 1047 1230 1096 potuit.
1258 1046 1333 1085 Vs,
1363 1047 1433 1086 36.
1460 1051 1529 1097 τῆς
1555 1050 1646 1096 (pro
1673 1044 1753 1092 καὶ)
1779 1045 1934 1097 Συρίας

226 1111 310 1159 BL,
354 1113 450 1152 coll.
494 1114 674 1163 Antiph.
714 1114 777 1153 ΙΙΙ
813 1116 909 1154 117.
953 1112 1134 1165 ἠλείφετο
1161 1113 1168 1166 Ι
1198 1113 1240 1153 ἐκ
1281 1118 1348 1164 τῆς
1391 1114 1545 1166 Συρίας
1578 1113 1714 1166 ἥκοντι
1738 1114 1931 1170 -μύρῳ

225 1183 270 1218 et
301 1180 400 1220 Eur.
433 1181 590 1220 Bacch.
627 1183 710 1221 144
750 1182 905 1233 Συρίας
937 1178 973 1221 δ’
1010 1180 1063 1229 ὡς
1103 1182 1271 1233 λιβάνου
1311 1188 1482 1222 καπνοῦ.
1514 1183 1682 1223 Vocula
1711 1182 1781 1221 καί
1809 1185 1933 1232 (quae

223 1246 350 1287 abest
380 1258 406 1287 a
437 1247 497 1294 C.)
523 1249 670 1299 inepte
694 1250 959 1299 interpolata
986 1252 1073 1299 est,
1101 1250 1179 1290 sed
1206 1251 1375 1289 incerta
1392 1251 1614 1290 correctio.
1643 1250 1704 1290 Cf.
1724 1251 1858 1290 Kock.
1879 1273 1932 1279 —-

228 1314 302 1354 Vs.
336 1316 405 1355 37.
447 1322 733 1368 τενεροχρῶτες.
776 1318 839 1357 Bl.
884 1318 956 1357 cst.
1002 1317 1168 1357 Cratini
1205 1317 1257 1357 fr.
1292 1319 1376 1357 302
1410 1320 1454 1357 et
1484 1319 1583 1358 Eur.
1616 1318 1666 1357 fr.
1701 1319 1800 1367 476,
1836 1319 1861 1356 3
1891 1320 1935 1357 et

227 1382 283 1422 ad
309 1389 477 1432 φυσκῶν
503 1384 636 1434 ζωμοῦ
663 1385 738 1425 Ar.
765 1386 816 1425 fr.
846 1387 930 1426 547
949 1386 997 1425 D.
1019 1408 1071 1414 —
1090 1385 1165 1425 VS.
1193 1387 1263 1425 41.
1293 1386 1492 1434 Requirit
1518 1385 1662 1433 ἀφύων
1688 1397 1764 1436 pro
1782 1384 1936 1436 ἀφύης,

227 1451 342 1498 quod
383 1451 579 1491 medium
621 1452 735 1493 inter
781 1452 984 1504 σκορόδων
1031 1455 1076 1493 et
1115 1452 1327 1504 σκόμβρων
1368 1454 1483 1492 haud
1524 1454 1651 1493 facile
1691 1455 1754 1493 ita
1793 1454 1935 1503 potuit

229 1519 471 1567 corrumpi;
514 1519 741 1560 collective
781 1521 949 1560 dictum
990 1522 1115 1570 puta,
1158 1522 1207 1560 ut
1249 1521 1292 1559 in
1334 1522 1438 1560 noto
1480 1521 1554 1560 illo
1586 1520 1671 1568 ἅλις
1702 1519 1838 1570 ἀφύης
1869 1536 1935 1570 μοι

227 1582 302 1623 κτὲ.
334 1587 379 1625 et
405 1586 457 1626 de
483 1587 699 1626 industria
724 1589 822 1627 soni
849 1599 982 1628 causa
1013 1599 1039 1628 a
1066 1592 1194 1637 poeta
1219 1588 1478 1627 adhibitum.
1508 1610 1557 1614 —-
1591 1589 1666 1628 Vs.
1700 1590 1770 1628 44.
1803 1588 1937 1640 γύρων

229 1663 306 1702 pro
337 1659 478 1704 πυρῶν
509 1655 792 1704 probabiliter
823 1656 1031 1696 Meineke.
1056 1679 1104 1684 —
1124 1656 1208 1704 Vs..
1228 1657 1298 1695 53.
1325 1655 1485 1694 θύννου
1512 1666 1596 1696 non
1625 1656 1710 1695 alia
1735 1656 1787 1695 de
1805 1666 1938 1695 causa

231 1731 361 1769 quam
389 1722 501 1770 quod
529 1722 631 1761 alibi
662 1723 824 1762 θύννου
863 1723 1009 1775 τεμάχη
1042 1725 1291 1772 occurrunt,
1334 1724 1501 1762 temere
1532 1723 1596 1763 Bi.
1629 1725 1829 1772 proponit
1860 1733 1936 1772 pro

232 1787 347 1839 ῥίνης
389 1791 434 1828 et
473 1790 584 1829 falso
626 1789 809 1841 βότρυες,
853 1801 961 1840 quae
1004 1791 1200 1839 legitima
1242 1793 1311 1830 est
1350 1792 1394 1829 et
1426 1791 1645 1839 antiquior
1676 1790 1937 1830 nominativi

230 1855 412 1905 pluralis
453 1857 596 1896 forma
636 1859 748 1907 apud
788 1860 979 1909 Atticos,
1022 1859 1176 1898 tribuit
1211 1860 1561 1908 anapaestorum
1597 1859 1818 1908 licentiae,
1861 1858 1936 1897 sed

230 1933 294 1962 vs.
322 1924 378 1963 58
405 1926 524 1965 recte
550 1925 744 1974 postulat
770 1926 897 1976 φακοί
919 1937 996 1976 pro
1021 1926 1131 1977 φακή
1158 1929 1226 1973 (ne
1252 1926 1416 1970 Graeca
1436 1927 1611 1975 quidem
1633 1926 1791 1973 forma;
1820 1925 1935 1964 aliud

231 1992 301 2030 est
329 1997 459 2042 φακῆ,
489 2002 569 2031 nec
601 1993 732 2032 huius
762 1994 879 2043 loci),
914 1994 1028 2043 quod
1058 1994 1219 2033 mirum
1252 1996 1321 2033 est
1351 2004 1438 2033 non
1463 1994 1706 2033 correxisse
1733 1993 1934 2032 editores

231 2058 360 2098 Aliud
401 2070 504 2099 vero
535 2071 765 2110 perperam
806 2063 950 2102 tentat
984 2062 1058 2101 Ad
1071 2062 1110 2101 d.
1146 2062 1245 2101 333.
1285 2082 1328 2088 —-
1368 2062 1442 2101 Vs.
1476 2062 1532 2101 70
1558 2072 1622 2110 sq.
1659 2070 1867 2110 personae
1898 2061 1935 2099 A

230 2126 386 2166 tribuit
417 2127 547 2167 idem.

173 2195 241 2238 Fr.
276 2195 348 2234 42.
388 2194 431 2234 τὸ
472 2195 547 2247 γὰρ
587 2197 819 2236 κολακεύειν
860 2203 937 2236 νῦν
978 2195 1258 2249 ἀρέσκειαν
1300 2192 1409 2247 ὄνομ’
1444 2195 1530 2247 ἔχει.
1570 2197 1602 2235 Ε
1634 2195 1808 2235 Canteri
1841 2205 1935 2234 con-

232 2262 399 2301 iectura
430 2263 572 2303 editur
602 2263 866 2317 ἀρέσκειν,
892 2266 939 2304 at
963 2275 1204 2313 numquam
1232 2265 1312 2303 hoc
1330 2264 1531 2314 verbum,
1561 2264 1636 2303 sed
1653 2261 1936 2314 ἀρεσκεύεσθαι

235 2328 505 2369 adulandi
537 2341 671 2371 sensu
704 2333 912 2382 occurrit,
944 2333 1071 2372 iuxta
1101 2330 1284 2382 ἄρεσκος,
1315 2329 1516 2382 ἀρεσκεία,
1540 2345 1705 2381 -κευμα,
1730 2331 1937 2376 -κευτικός,

236 2394 355 2444 Quod
395 2397 610 2447 sentiens,
654 2400 820 2449 opinor,
863 2399 927 2438 Bl.
960 2400 1122 2449 optime
1164 2399 1342 2447 corrigit
1373 2394 1552 2450 ἀρέσκεί,
1583 2399 1668 2437 nisi
1700 2398 1813 2447 quod
1844 2407 1935 2446 pec—

235 2463 353 2501 cavit
383 2464 427 2502 in
459 2468 655 2505 accentu.
689 2467 942 2515 Legendum
974 2462 1219 2517 ἀρεσκείῖ

178 2529 245 2568 Fr.
278 2530 348 2579 45,
372 2531 412 2569 4.
446 2530 507 2571 Cf.
541 2533 762 2583 Aristoph.
797 2534 877 2573 Av.
898 2534 984 2573 286
1016 2534 1067 2572 de
1100 2532 1238 2572 Callia
1268 2532 1316 2571 αἴ
1334 2547 1372 2571 τε
1403 2532 1562 2583 θήλειαι
1593 2532 1937 2583 προσεκτίλλουσιν

237 2595 364 2635 αὐτοῦ
394 2596 442 2636 τὰ
472 2599 605 2650 πτερά.

179 2665 247 2705 F'r.
278 2666 347 2715 46,
386 2667 422 2705 1.
464 2667 819 2708 consideratione
860 2669 992 2718 digna
1035 2669 1204 2708 videtur
1238 2668 1350 2707 lenis
1382 2667 1632 2716 Headlami,
1667 2666 1938 2715 Hesychium

238 2742 273 2771 s.
308 2743 348 2773 v.
381 2734 580 2785 citantis,
614 2736 863 2775 coniectura
894 2733 1137 2786 ὡραΐσμένη,
1171 2735 1246 2774 sed
1289 2745 1441 2774 vereor
1482 2745 1536 2773 ne
1577 2735 1702 2773 unice
1753 2733 1938 2772 atticum

239 2800 299 2839 sit
328 2797 555 2855 ὡρᾳσμένη,
586 2803 698 2852 quod
734 2803 773 2842 si
804 2805 921 2843 recte
954 2803 1061 2842 mihi
1095 2803 1279 2851 videtur,
1313 2802 1641 2851 praeferendum
1679 2799 1939 2855 ἕξωρᾳσμένη.

239 2866 339 2906 Alia
368 2869 618 2910 tentamina
649 2871 839 2920 reperies
872 2871 984 2920 apud
1017 2870 1081 2910 Bl.
1114 2881 1154 2919 p.
1194 2871 1289 2910 124.

182 2936 249 2975 Fr.
279 2936 350 2985 47,
388 2937 424 2976 l.
466 2938 558 2985 τοὺς
597 2938 777 2990 κάπρους
808 2939 910 2987 quia
940 2939 1165 2978 evidenter
1197 2939 1448 2987 corruptum
1481 2939 1567 2986 est,
1601 2937 1706 2977 olim
1738 2938 1940 2986 proposui

239 2999 476 3053 ὀχευομένας
502 3002 545 3044 δὲ
569 3004 636 3052 τὰς
662 3005 806 3055 κύνας,
835 3016 1020 3055 quorum
1053 3005 1313 3044 animalium
1342 3005 1500 3053 coitus,
1528 3006 1578 3043 ut
1603 3004 1868 3053 gallinarum
1897 3004 1940 3043 in

241 3079 348 3119 sqq.,
381 3073 578 3112 omnium
604 3074 799 3113 maxime
826 3074 1110 3122 conspicitur,
1141 3083 1256 3111 nunc
1287 3072 1351 3111 Bl.
1384 3070 1451 3118 τὰς
1477 3065 1598 3120 ταῶς,
1624 3081 1729 3111 aves
1755 3071 1942 3111 Athenis

241 3137 427 3177 rariores
458 3141 621 3188 (quidni
653 3141 799 3189 potius
830 3140 1004 3186 κύκνους
1016 3140 1070 3190 Ῥ),
1109 3141 1186 3178 aut
1216 3136 1283 3184 τὰς
1315 3137 1409 3186 ὕας,
1439 3139 1564 3187 quasi
1599 3148 1700 3177 vero
1732 3138 1813 3177 hoc
1845 3137 1942 3176 atti-

243 3213 344 3244 cum
373 3208 432 3247 sit
462 3218 538 3257 pro
570 3202 639 3254 ὗςί
672 3207 733 3247 De
764 3207 852 3247 leni
885 3206 1079 3246 remedio
1113 3205 1447 3255 desperandum.

185 3273 254 3314 Fr.
287 3276 357 3325 50,
396 3276 432 3314 1.
475 3274 556 3314 Cft.
600 3273 664 3313 Bl.
698 3274 865 3323 Amips.
900 3274 939 3312 11
973 3274 1072 3313 711.
1109 3294 1160 3301 -
1195 3271 1267 3310 Vs.
1302 3272 1340 3311 2.
1381 3271 1423 3310 τὸ
1454 3270 1609 3322 τάριχος
1642 3272 1759 3310 recte
1791 3269 1944 3319 probat
