2216 3522
1042 200 1127 238 213

202 322 271 362 Fr.
303 322 405 362 643.
438 321 651 361 Headlam
684 319 819 371 οὐδέν,
849 322 990 362 deleto
1021 326 1183 375 φαγεῖν,
1212 324 1343 363 scribi
1374 323 1511 372 iubet,
1540 323 1603 362 Bl.
1630 320 1718 362 οὐδ’
1748 321 1798 362 ἕν’
1831 322 1955 363 (ἰδόντ’

89 387 338 508 sila
367 391 524 441 φαγεῖν.
555 389 699 428 Teneo
731 389 844 437 quod
876 389 980 429 olim
1011 391 1229 439 proposui.

49 501 53 505 ,
201 456 270 498 Fr.
302 457 403 497 649.
436 456 626 511 Biaydes
655 467 900 506 proponens
930 455 1030 495 ἔσπα
1059 461 1144 496 τοῖν
1176 457 1260 502 (vel
1292 460 1393 503 miv)
1425 457 1599 509 γνάθοιν
1626 468 1713 497 non
1739 460 1958 507 reputavit

260 522 454 575 ἕσϊιᾶτην,
499 523 683 576 ἐβοάτην,
728 523 942 575 ἐφοιτάτην
989 535 1016 564 a
1060 525 1349 574 grammatico
1395 526 1521 564 citari
1566 526 1615 564 ut
1655 525 1797 564 dualis
1837 526 1960 564 attici

260 592 478 642 exempla.

200 659 270 699 Fr.
302 660 388 700 653
430 670 537 699 num
578 660 731 708 poetae
771 660 831 698 sit
871 659 1039 709 dubito,
1072 661 1301 709 propterea
1330 660 1443 708 quod
1479 660 1613 699 etiam
1644 659 1962 699 Demosthenes

258 726 417 775 aliique
463 726 688 776 pedestres
731 726 925 775 imagine
971 727 1040 766 usi
1085 729 1189 766 sunt
1233 727 1401 766 eadem.
1445 726 1584 775 Quare
1625 726 1733 765 nihil
1777 726 1959 775 impedit

257 794 493 843 quominus
523 794 662 843 ipsius
692 793 861 833 Libanii
891 794 999 833 haec
1030 794 1163 833 verba
1193 794 1297 833 sint.

198 861 269 902 Fr.
310 862 412 902 660.
468 862 657 915 βουλιμιᾷ
713 859 760 898 τὰ
814 860 1042 911 βαλλάντια.
1094 861 1228 901 Recte
1276 861 1339 900 sic
1385 861 1580 901 Meineke
1627 863 1671 900 et
1717 861 1837 900 Kock
1883 871 1959 909 pro

257 927 461 980 βαλάιτια.
503 928 682 968 Falsum
722 931 791 967 est
831 928 944 976 quod
976 928 1040 967 Bl.
1072 928 1134 967 ait
1164 928 1276 967 hanc
1306 928 1496 967 formam
1530 931 1676 976 (quam
1708 929 1833 967 unice
1865 938 1954 977 pro-

256 996 359 1036 bam
389 1006 487 1036 esse
518 997 706 1041 constat)
739 998 879 1035 metro
910 996 1058 1035 minus
1089 995 1335 1035 convenire.
1373 995 1481 1044 Quid
1513 995 1630 1034 enim
1656 997 1777 1034 vetat
1802 994 1954 1034 scribi:

1384 1062 1571 1115 βουλιμιᾷ

491 1151 573 1162 ——
602 1132 660 1176 (v.
694 1139 729 1169 6.
761 1126 891 1179 ἡμῶν)
924 1128 970 1167 τὰ
1001 1129 1218 1181 βαλλάντια
1248 1150 1331 1168 υ-
1358 1130 1364 1179 Ι
1389 1149 1472 1178 3—
1497 1128 1504 1180 Ι
1531 1131 1642 1168 ψ-ῗ)

107 1180 129 1235 ‘i
196 1197 265 1237 Fr.
298 1198 403 1278 6603,
433 1197 556 1236 Idem
587 1197 748 1246 partim
783 1207 884 1236 cum
916 1197 1069 1236 Kockii
1100 1195 1296 1247 supplet:

136 1250 148 1261 ὁ
536 1260 675 1316 ἅγουσ’
710 1262 850 1314 ἑορτὴν
887 1263 1094 1305 <ἕνθάδ>
1131 1264 1174 1303 οἵ
1199 1262 1359 1303 κλέπται
1396 1264 1616 1314 <συχνά>.

254 1331 404 1371 Possis
435 1331 572 1370 etiam
612 1331 835 1370 <πυκνά>.
865 1354 918 1360 —-
947 1332 1128 1371 Frustra
1158 1331 1333 1380 explere
1365 1333 1547 1370 conatur
1575 1331 1625 1370 fr.
1661 1332 1746 1371 666
1779 1332 1823 1370 et
1854 1331 1953 1370 668.

196 1399 267 1439 Fr.
300 1400 401 1438 667.
434 1399 626 1447 Hesych.
653 1398 945 1449 λιθωμόται
981 1398 1295 1450 ὁημηγόροι·
1322 1396 1384 1437 ἐπὶ
1410 1403 1481 1437 τοῦ
1508 1398 1629 1437 λίθου
1657 1395 1848 1448 ὀμνύντες
1879 1396 1954 1435 utf-

256 1466 435 1506 Rectius
462 1466 595 1505 Verba
625 1466 679 1505 M.
698 1466 899 1506 Schmidt
930 1467 1063 1506 verba
1094 1467 1158 1505 Sic
1184 1466 1363 1515 digerit:
1395 1465 1704 1516 λιθωμόται·
1736 1464 1956 1516 δημηγόροι

255 1531 321 1572 ἐπὶ
350 1531 426 1572 mg.
458 1543 599 1582 neque
624 1534 866 1574 audiendus
892 1534 956 1574 Bl.
984 1534 1181 1573 scribens
1211 1533 1504 1583 λιθώμοτοι
1535 1532 1847 1584 δημηγόροι·
1880 1530 1955 1570 ἐπὶ.

200 1601 271 1641 Fr.
303 1601 403 1641 669.
447 1601 654 1641 Fortasse
692 1604 810 1641 recte
840 1602 928 1641 BL:
973 1600 1052 1652 ἦχὼ
1088 1600 1279 1653 πετραίαν
1314 1599 1454 1640 <καὶ>
1489 1600 1850 1652 χυτρόπολιν....,
1879 1600 1955 1638 sed

255 1668 372 1708 male
404 1669 518 1718 apud
550 1669 808 1708 Strabonem
839 1668 1055 1720 λεπρότητα
1087 1669 1272 1708 coniecit
1302 1678 1379 1717 pro
1410 1667 1646 1718 λυπρότητα.

197 1737 268 1776 Fr.
302 1737 402 1776 673.
435 1736 530 1775 Vid.
564 1736 618 1776 ad
649 1733 702 1776 fr.
736 1737 836 1776 500.

196 1803 264 1843 Fr.
299 1804 399 1843 707.
431 1803 557 1843 Phot.
589 1801 708 1841 τᾶλλα
738 1802 805 1841 καὶ
831 1803 1298 1854 φιλώμεθατ-φιλῶμεν
1324 1801 1529 1852 ἀλλήλους.
1567 1802 1816 1851 Respondet
1841 1802 1953 1840 locu-

255 1871 366 1910 tioni
397 1871 682 1911 Germanicae
712 1871 751 1909 Ν
762 1871 914 1911 ichts
944 1871 1032 1910 fiir
1064 1871 1257 1919 ungut!
1292 1870 1473 1909 Frustra
1504 1868 1554 1919 δὴ
1581 1880 1657 1918 pro
1683 1867 1749 1907 καὶ
1776 1869 1955 1917 requirit

255 1938 320 1978 Bl.
377 1937 677 1978 Grammatico
731 1938 882 1978 Nauck
935 1938 1122 1977 reddidit
1172 1935 1294 1977 <ἐν>
1345 1935 1403 1975 ἑνὶ
1460 1938 1502 1976 et
1559 1935 1833 1987 διαφερόμεθα
1878 1945 1954 1984 pro

254 2006 546 2046 coniunctivo.

195 2073 265 2113 Fr.
299 2073 399 2113 714.
432 2073 622 2122 Hesych.
655 2068 743 2111 οὐδ’
781 2070 1077 2122 ἕτρύπησεν
1107 2070 1323 2120 κρόκην·
1356 2067 1476 2109 οὐδὲν
1507 2069 1723 2122 εἰργάσατο.
1757 2068 1864 2118 Quid
1895 2069 1954 2107 sit

254 2140 548 2190 perforare
588 2139 902 2188 subtemen,
947 2139 1056 2178 mihi
1087 2139 1320 2178 obscurum
1354 2140 1434 2177 est.
1467 2137 1658 2176 Verbum
1691 2137 1766 2175 vix
1797 2146 1954 2175 sanum

255 2207 440 2247 videtur.

195 2274 265 2314 Fr.
299 2275 397 2314 735.
429 2273 539 2313 Cum
571 2272 726 2324 βλιτυρί
753 2273 817 2312 Bl.
850 2275 1074 2322 comparat
1106 2272 1388 2321 Eupolideum
1419 2272 1568 2323 ταγυρί.

197 2341 266 2381 Fr.
299 2341 399 2381 744.
432 2340 575 2380 Verba
619 2340 833 2387 Ἀστυάναξ
878 2338 1021 2392 γέγονα
1069 2340 1286 2379 Stratonis
1326 2349 1424 2378 esse
1465 2339 1598 2378 Anth.
1640 2338 1729 2377 Pal.
1772 2338 1855 2376 XII
1900 2338 1949 2375 11

257 2407 572 2447 animadvertit
601 2408 765 2447 Nauck.

198 2474 267 2514 Fr.
302 2475 401 2514 745.
448 2474 629 2515 Temere
669 2474 733 2515 Bl.
776 2477 951 2525 θλαστῆς
992 2485 1069 2524 pro
1110 2474 1345 2513 sanissimo
1387 2471 1525 2523 ἀστῆς,
1564 2483 1643 2512 nec
1674 2472 1833 2511 melius
1864 2474 1950 2511 ten-

255 2542 369 2581 tavit
401 2541 452 2582 fr.
486 2542 586 2591 754,
621 2543 692 2581 ubi
722 2543 918 2592 speciose
950 2540 1147 2581 Schmidt
1179 2539 1295 2591 σέβας
1327 2551 1403 2590 pro
1434 2539 1547 2587 σέλας
1580 2540 1774 2579 coniecit.

198 2609 265 2649 Fr.
300 2610 399 2649 764.
431 2609 571 2649 Kock:
600 2610 831 2651 Herodian.
859 2610 878 2648 I
896 2610 994 2658 389,
1014 2610 1083 2648 40.
1110 2608 1260 2647 Nauck
1291 2609 1404 2657 „imo
1423 2608 1569 2657 Steph.
1587 2607 1691 2655 Byz.
1710 2617 1748 2655 p.
1769 2606 1952 2654 221‚3.”

199 2677 267 2716 Fr.
304 2678 402 2716 768.
450 2677 544 2716 Iam
586 2676 877 2716 Gaisfordium
922 2676 1084 2715 vidisse
1124 2675 1257 2714 verba
1295 2685 1392 2714 esse
1434 2674 1556 2714 Pauli
1588 2674 1640 2713 ad
1673 2673 1952 2712 Timotheum

258 2755 294 2784 c.
327 2746 368 2794 4,
402 2745 429 2784 6
461 2746 634 2784 monuit
664 2745 829 2785 Nauck.
862 2744 1157 2783 Nihilominus
1187 2743 1300 2782 idem
1334 2743 1490 2791 repetit
1522 2742 1583 2781 Bl.

199 2812 267 2851 Fr.
300 2812 400 2851 770.
433 2809 553 2851 οὐδὲν
586 2834 639 2840 —-
672 2808 743 2851 ἐστ’
779 2810 1001 2862 ἀπώμοτον.
1043 2810 1230 2849 Profecit
1267 2810 1414 2859 procul
1445 2809 1574 2848 dubio
1605 2809 1734 2857 poeta
1764 2817 1819 2846 ex
1850 2808 1953 2845 noto

259 2889 387 2919 versu
428 2878 714 2919 Archilocheo
754 2878 961 2930 χρημάτων
1003 2876 1226 2915 ἄελπτον
1267 2875 1426 2915 οὐδέν
1458 2874 1599 2914 ἐστιν
1632 2871 1719 2914 οὐδ’
1754 2872 1954 2923 ἀπώμο-

258 2960 364 2995 τον,
408 2946 520 2994 quod
567 2948 792 2995 praeterea
832 2957 855 2986 e
895 2945 1091 2985 numeris
1138 2946 1316 2993 apparet
1362 2946 1406 2982 et
1446 2953 1501 2982 ex
1547 2940 1862 2980 ἀνέλπιστον
1909 2940 1952 2978 in

259 3023 324 3052 vs.
358 3013 398 3052 2.
430 3013 627 3052 Indidem
659 3014 747 3052 iam
781 3012 1015 3062 Sophocles
1045 3013 1147 3050 Ant.
1181 3011 1266 3050 388
1298 3009 1417 3058 ἄναξ,
1446 3010 1645 3060 βροτοῖσιν
1677 3006 1831 3047 οὐδέν
1860 3002 1950 3045 ἐστ’

260 3078 544 3130 ἀπώμοτον.
576 3079 638 3120 cf.
671 3080 807 3120 etiam
838 3079 1059 3129 Eupolidis
1092 3077 1255 3116 Πόλεων
1287 3077 1337 3116 fr.
1372 3078 1449 3116 25:

583 3146 622 3185 τί
650 3143 685 3186 δ’
720 3143 789 3186 ἐστ’
825 3145 1072 3197 Ἀθηναίοισι
1104 3140 1245 3196 πρᾶγμ’
1281 3142 1577 3193 ἀπώμοτονς

259 3215 374 3254 Nihil
406 3217 556 3255 autem
588 3216 656 3254 est
686 3215 731 3254 in
763 3215 844 3254 hoc
875 3214 1122 3263 fragmento
1154 3215 1299 3251 vetere
1331 3210 1556 3250 comoedia
1587 3209 1826 3258 indignum.
