2216 3522
1036 180 1116 217 103

544 307 717 354 τολύπας
749 305 909 346 ἔσαττον
940 305 1008 354 τὰς
1038 307 1221 359 γνάθους
1252 307 1318 347 καὶ
1349 315 1428 348 τῶν
1459 316 1585 361 κρεῶν

542 373 774 427 ἀπέβρυκον
804 374 993 427 αἰσχρῶς,
1018 373 1092 414 ἀλλ’
1132 376 1299 416 ἑκάστου
1330 377 1474 428 μικρὸν
1505 376 1556 417 ἂν

543 438 749 496 ἀπεγεύεθ’
785 441 916 492 ὥσπερ
948 441 1152 492 παρθένος
1186 444 1439 495 Μιλησία.

247 513 406 552 Scribit
437 512 485 552 O.
518 511 697 552 Crusius
731 510 1003 560 „coenantes
1033 511 1247 551 nimirum
1278 512 1448 562 puellas
1481 523 1580 552 cum
1606 515 1813 554 nentibus
1840 526 1951 555 com-

247 590 406 630 parans
437 580 627 619 rusticus
659 579 765 618 dicit
795 578 1006 617 urbanam
1034 578 1251 619 delibasse
1275 581 1450 620 tantum
1478 582 1523 619 et
1549 581 1766 630 carpsisse
1789 582 1952 622 fercula

248 648 378 699 &susp
409 646 613 699 παρθένος
643 644 876 696 Μιλήσια
908 646 1001 692 (Sic)
1028 646 1123 685 scil.
1153 646 1338 697 νήθουσα
1369 646 1466 698 ἔρια.
1503 647 1566 688 Cf.
1594 648 1702 688 Poll.
1730 649 1793 687 IX
1823 650 1951 689 125.”

246 715 628 765 Comparationem
669 714 846 763 quidem
887 714 1053 763 optime
1091 714 1333 764 intellexit,
1375 715 1452 754 sed
1494 716 1557 754 ita
1598 715 1854 766 imperfecta
1884 719 1953 756 est

246 784 485 833 sententia,
520 784 564 823 et
594 783 639 821 in
669 781 871 831 sequenti
902 792 967 821 vs.
1000 781 1136 821 fuisse
1168 783 1412 831 putandum
1438 778 1530 821 νῶσ’
1559 781 1662 834 ἔρια,
1688 785 1765 822 aut
1792 784 1951 832 aliquid

246 850 407 891 simile.
440 873 492 878 —
528 850 602 890 Vs.
646 850 672 889 2
713 859 815 889 cum
855 849 920 889 Β).
963 849 1120 889 malim
1162 849 1275 888 ἄλλαι
1308 851 1387 896 (sic
1417 861 1588 899 quoque
1620 851 1865 890 vLeeuwen
1898 852 1950 891 ad

246 919 321 958 Ar.
347 917 423 967 Eq.
451 918 571 967 784),
598 917 675 957 sed
702 917 844 956 eidem
871 917 1084 956 adversus
1114 917 1331 957 Kockium
1357 918 1602 957 defendenti
1633 920 1804 958 veteres
1829 929 1952 958 meas

247 986 522 1026 coniecturas
546 982 768 1035 ποιουμένη
797 1006 850 1012 -
879 982 1036 1023 ἔσαττεν
1062 1005 1120 1011 ——
1146 982 1367 1036 ἀπέβευκεν
1394 986 1522 1025 hodie
1538 996 1640 1033 *non
1666 986 1950 1035 suffragaboi·.

188 1053 257 1093 Fr.
280 1053 336 1092 43
354 1052 591 1092 manifesta
607 1053 678 1092 est
692 1052 1045 1102 paratragoedia,
1064 1053 1115 1092 ut
1129 1052 1533 1092 Ecclesiazusarum
1552 1053 1742 1092 initium.
1760 1053 1825 1092 Ad
1843 1064 1908 1092 vs.
1928 1054 1953 1092 2

246 1120 311 1160 Bl.
344 1120 418 1160 oft.
452 1120 738 1169 Sannyrionis
768 1119 821 1160 fr.
851 1121 876 1159 4
908 1117 1126 1171 κεραμικὴν
1153 1122 1286 1172 γαῖαν,
1310 1120 1424 1160 unde
1450 1121 1493 1159 in
1520 1120 1630 1159 Add.
1657 1131 1697 1169 p.
1717 1121 1802 1159 334
1830 1121 1951 1159 nulla

244 1188 510 1228 necessitate
541 1188 612 1227 hic
642 1187 823 1236 requirit
855 1181 886 1225 ὦ
917 1186 1109 1238 κεραμικὴ
1141 1193 1211 1239 γῆ,
1248 1189 1363 1236 quod
1394 1188 1747 1227 adiectivum
1778 1198 1864 1227 non
1891 1188 1951 1227 sit

243 1254 418 1308 κεραμίς.
448 1255 508 1295 At
537 1258 746 1305 perpetuo
779 1255 952 1294 variant
982 1255 1201 1295 adiectiva
1233 1256 1276 1294 in
1304 1254 1340 1302 ίς
1367 1257 1412 1295 et
1438 1256 1525 1305 ική,
1551 1257 1601 1294 ut
1627 1254 1755 1301 Άτθίς
1783 1277 1837 1284 -
1865 1254 1952 1305 ική,

246 1322 436 1370 Λακωνίς
479 1345 533 1351 --
574 1322 640 1372 ική
682 1323 765 1362 etc.
808 1323 906 1371 etc.,
950 1333 1031 1362 nec
1061 1322 1433 1362 substantiva
1463 1324 1568 1362 sunt
1598 1322 1692 1372 illa,
1727 1322 1803 1362 sed
1834 1321 1948 1362 sub-

246 1391 507 1432 stantive
538 1392 772 1440 ponuntur.
1743 1428 1752 1434 .

187 1461 256 1500 Fr.
288 1460 346 1500 44
378 1459 573 1499 eiusdem
606 1460 676 1498 est
706 1458 1121 1507 magniloquentiae.
1149 1458 1387 1498 Multorum
1414 1458 1677 1497 coniecturis
1702 1467 1810 1496 usus
1834 1460 1953 1497 recte

246 1527 370 1568 Kock
399 1526 575 1579 γλαύκου
607 1526 803 1575 corrigit,
832 1525 994 1565 reiecto
1019 1528 1121 1565 θεοῦ
1147 1527 1248 1575 post
1274 1523 1547 1577 εὐγενέστερον
1574 1527 1619 1564 et
1642 1525 1803 1574 scripto
1830 1534 1894 1564 vs.
1923 1525 1948 1563 3

246 1594 380 1646 ἑφθὸν
425 1589 573 1635 <τόνδ’
617 1591 699 1633 gv>
746 1590 892 1647 ἇλμαίᾳ
939 1591 1144 1645 <φέρω>,
1188 1593 1261 1633 ubi
1302 1593 1366 1633 Bl.
1416 1592 1658 1643 <λιπαρὸν>
1707 1591 1811 1647 ἅλμῃ
1852 1602 1950 1632 <σοι

246 1661 419 1715 φέρει»,
459 1662 532 1711 qui
573 1671 638 1700 vs.
680 1666 847 1700 certam
887 1661 1243 1701 emendationem
1283 1671 1370 1701 non
1410 1661 1624 1711 admittit,
1659 1671 1759 1701 cum
1791 1662 1835 1701 et
1863 1660 1950 1700 alia

246 1732 341 1782 pari
371 1732 464 1771 iure
495 1729 632 1770 conici
663 1729 847 1779 possint.

187 1801 256 1840 Fr.
290 1800 361 1839 47.
392 1799 457 1838 Bl.
489 1795 657 1847 πυκινὰ,
687 1797 740 1836 cl.
772 1797 843 1846 38,
875 1797 915 1846 2,
948 1797 1043 1836 sine
1074 1807 1207 1836 causa
1237 1797 1406 1837 idonea.

188 1868 257 1908 Fr.
290 1867 360 1917 49,
397 1867 435 1906 1.
466 1865 530 1905 De
558 1863 715 1911 πυκνὰς
746 1864 864 1904 idem
895 1864 969 1904 eft.
1001 1864 1128 1904 Alex.
1162 1864 1226 1903 III
1257 1865 1357 1914 417,
1390 1865 1658 1914 Theopomp.
1686 1865 1727 1903 11
1754 1864 1840 1903 808
1865 1865 1946 1903 etc.

248 1934 373 1975 Unde
395 1934 575 1983 apparet
596 1932 756 1972 melius
778 1932 1002 1971 subaudiri
1023 1931 1206 1981 κύλικας,
1227 1943 1359 1980 quam
1381 1932 1535 1982 πόσεις,
1556 1933 1606 1971 ut
1621 1931 1796 1981 supplet
1811 1930 1947 1970 Kock.

187 2004 256 2043 Fr.
285 2003 355 2052 53,
387 2003 408 2041 1
436 2004 480 2041 et
507 2003 577 2051 54,
602 2002 637 2040 l.
667 1999 776 2050 Quia
800 1999 972 2039 nullum
997 2001 1223 2049 praeterea
1249 2002 1318 2039 est
1342 1999 1697 2049 paratragoediae
1718 1999 1945 2047 indicium,

245 2069 496 2119 scripserim
539 2069 630 2108 illic
670 2078 727 2108 ex
768 2068 858 2107 cod.
901 2066 933 2107 C
974 2070 1021 2107 et
1051 2067 1254 2107 Eustath.
1291 2063 1439 2118 Θήβαζ’
1474 2077 1551 2116 pro
1586 2066 1741 2118 Θήβας,
1771 2066 1842 2105 hic
1872 2066 1949 2105 aut

251 2137 385 2185 <εἰς>
418 2134 426 2188 Ι
454 2135 662 2187 Κόρινθον
703 2138 780 2175 aut
810 2129 941 2186 ἦλθον
981 2132 1334 2186 Κόρινθόν<ὁ’>,
1374 2135 1487 2184 quod
1518 2135 1706 2174 fortasse
1736 2134 1947 2183 praestat.

247 2205 309 2246 De
341 2206 410 2253 53,
446 2205 470 2243 2
504 2203 557 2243 cf.
590 2203 642 2243 fr.
677 2204 747 2252 65,
782 2203 823 2242 3.

189 2273 256 2312 Fr.
291 2274 360 2321 56,
394 2271 435 2311 2.
467 2271 569 2322 κάρα
601 2270 760 2316 (Mein.)
792 2269 971 2318 reliquis
995 2270 1258 2310 coniecturis
1282 2272 1506 2320 praestare
1532 2270 1635 2318 puto
1662 2279 1761 2308 cum
1792 2268 1857 2307 Bl.
1891 2289 1946 2294 -

249 2339 323 2379 Vs.
365 2339 405 2378 3.
437 2339 718 2388 κωθωνοχειλῆ
750 2337 996 2386 requiritur,
1030 2338 1141 2386 quod
1174 2338 1369 2386 postulat
1399 2338 1533 2377 etiam
1566 2336 1629 2375 Bl.
1663 2336 1795 2375 Recte
1828 2334 1946 2375 enirn

249 2406 399 2446 Nauck
431 2405 526 2445 Mel.
559 2404 617 2444 VI
648 2415 687 2453 p.
721 2406 777 2444 94
810 2403 1112 2455 κωθωνόχειλον
1144 2407 1273 2444 vocat
1302 2406 1426 2455 „eine
1453 2406 1544 2444 erst
1568 2404 1611 2443 in
1637 2404 1713 2443 der
1742 2404 1946 2452 spateren

250 2473 470 2514 Graecitat
509 2473 726 2522 zulassige
766 2473 1072 2522 Misbildung.”
1116 2473 1223 2522 Quid
1254 2473 1393 2513 lateat
1431 2472 1511 2512 sub
1550 2467 1947 2522 ψηφοπεριβομβή-

248 2556 361 2593 τριαν
395 2541 590 2581 nondum
626 2541 874 2588 inventum;
915 2541 1146 2580 infeliciter
1181 2541 1302 2581 Kock
1343 2536 1863 2593 γριφοπεριβομβήτριαν;
1901 2537 1946 2575 in

250 2619 314 2649 vs,
347 2611 374 2648 4
406 2605 685 2656 ὀξυπύνδακος
715 2607 903 2647 fortasse
932 2618 1091 2648 sanum
1123 2609 1204 2647 est.

191 2678 259 2717 Fr.
302 2677 371 2726 57,
414 2678 455 2716 6.
498 2675 659 2717 Maiore
699 2675 857 2715 initiali
898 2674 1083 2726 Λάμπων
1122 2676 1172 2714 ut
1211 2685 1370 2715 nomen
1413 2675 1635 2724 proprium
1668 2671 1945 2713 scribendum

251 2745 385 2785 videri
418 2744 634 2793 quondam
666 2743 829 2783 monui.

191 2813 259 2852 Fr.
303 2813 372 2852 58.
420 2811 599 2851 Crusius
645 2811 755 2850 citat
800 2810 936 2850 etiam
977 2810 1214 2849 Zenobium
1257 2810 1296 2848 II
1334 2810 1390 2849 89
1433 2807 1573 2855 Μίδας
1616 2805 1636 2847 ὁ
1679 2805 1721 2846 ἐν
1761 2806 1945 2857 κύβοισιν

248 2878 527 2930 εὔβολώτατος.
566 2878 661 2918 Non
697 2879 766 2918 est
805 2888 880 2918 cur
917 2887 1015 2917 cum
1048 2877 1112 2917 Bl.
1145 2877 1416 2917 coniciamus
1447 2874 1741 2926 δυσβολώτατος
1772 2875 1947 2923 propter

249 2946 457 2996 PolluciS,
497 2946 571 2994 qui
612 2956 665 2985 ne
706 2946 881 2985 constat
920 2945 1095 2993 quidem
1136 2944 1238 2994 sibi,
1280 2944 1612 2983 dissensionem.
1655 2942 1860 2982 Fortasse
1901 2940 1945 2980 in

250 3014 435 3053 diversis
480 3013 698 3053 Graeciae·
730 3012 978 3062 regionibus
1027 3013 1104 3051 aut
1147 3010 1417 3060 temporibus
1468 3011 1639 3050 diverso
1685 3018 1817 3048 sensu
1865 3008 1946 3047 hoc

251 3081 392 3120 iactus
430 3081 609 3120 nomine
650 3080 898 3128 utebantur,
941 3079 1016 3119 sed
1060 3078 1247 3118 Athenis
1289 3078 1424 3117 fuisse
1463 3077 1769 3117 felicissimum
1815 3075 1943 3114 fldem

252 3148 357 3188 facit
381 3148 463 3187 hoc
494 3148 649 3187 Eubuli
677 3148 1007 3195 testimonium;
1040 3146 1142 3195 quin
1175 3146 1291 3186 enim
1330 3145 1459 3185 huius
1490 3144 1620 3185 verba
1650 3144 1839 3184 citentur
1870 3143 1944 3181 vix

251 3215 430 3255 dubium
462 3214 646 3255 videtur.
