2216 3522
1095 215 1177 255 16ss

255 340 321 380 Fr.
355 341 455 380 491.
504 340 636 380 Recte
677 340 866 380 fortasse
907 339 973 379 Bl.
1015 337 1082 389 ἐμέ
1124 349 1200 389 pro
1232 337 1362 388 τινάς,
1391 338 1505 387 quod
1537 338 1607 377 est
1637 337 1817 377 Porsoni
1848 335 2017 387 supple·

315 410 530 448 mentum.

256 475 323 515 Fr.
357 476 457 516 494.
500 475 581 515 Pro
622 485 731 515 sano
772 474 899 526 μήτηρ
943 474 1007 514 Bl.
1051 473 1264 515 violenter
1299 468 1485 513 θάσσοντ’
1526 472 1746 523 proponit,
1780 471 1961 513 verbum
1992 480 2020 511 a

314 542 539 583 comoedia
578 542 786 582 alienum.
959 548 964 551 ·

377 612 595 649 ΦΑΣΜΑ.
638 610 687 649 In
728 609 894 649 scholio
935 609 989 649 ad
1032 609 1230 658 Eunychi
1271 609 1464 649 Terentii
1496 607 1658 658 prolog.
1698 617 1762 648 vs.
1795 607 1836 647 9.
1868 604 2020 646 Nauck

315 678 493 727 corrigit
533 677 728 717 mariti
771 687 848 726 pro
891 676 1110 717 matris.
1155 698 1209 705 —
1249 676 1391 716 Huius
1432 675 1605 716 fabulae
1644 675 1728 715 duo
1774 674 2024 724 fragmenta

315 745 483 785 maiora
509 755 532 785 e
559 745 704 785 codice
729 754 843 784 saec.
873 744 931 783 IV
957 755 997 795 p.
1026 743 1070 784 C.
1099 753 1156 784 ex
1182 744 1451 784 monasterio
1479 743 1566 783 Sct.
1609 742 1870 783 catharinae
1905 750 2019 782 com·

314 813 540 852 municata
585 822 736 852 secum
780 822 804 852 a
846 811 1173 851 Tischendorfio
1215 811 1350 851 edidit
1392 810 1526 851 Cobet
1567 810 1778 851 Haemos,
1825 819 1926 851 nov.
1961 807 2021 848 1v

314 891 354 930 p.
388 881 472 920 286
505 891 568 929 sq.
602 880 634 919 E
665 879 929 920 bibliotheca
961 878 1135 929 publica
1165 878 1549 931 Petersburgensi,
1583 878 1626 918 in
1652 888 1786 927 quam
1811 877 1898 918 tria
1918 875 2022 917 folia

314 958 580 998 pergamena
595 948 864 987 devenerant
890 957 928 987 a.
952 948 1077 997 1850,
1105 947 1266 987 iterum
1283 948 1500 996 protraxit
1515 946 1754 988 Jernste-dt.
1772 945 1835 989 of.
1851 943 2020 995 Nauck,

314 1016 535 1065 Melanges
566 1016 624 1054 VI
657 1026 695 1065 p.
734 1017 814 1055 154
847 1026 911 1064 sq.
945 1017 990 1055 et
1022 1015 1162 1065 Kock,
1196 1015 1304 1055 Mus.
1337 1015 1476 1055 Rhen.
1508 1016 1579 1065 93,
1611 1025 1652 1065 p.
1685 1015 1769 1054 221
1803 1024 1895 1064 sqq.

254 1083 320 1122 Fr.
354 1084 454 1132 503,
493 1085 529 1123 1.
563 1081 642 1134 ἤδη
676 1083 752 1122 vix
783 1093 944 1123 sanum
978 1082 1115 1122 videri
1148 1082 1253 1122 olim
1290 1083 1452 1124 monui.
1478 1075 1608 1121 Ἦσαν
1641 1092 1727 1121 non
1760 1081 1876 1121 male
1906 1080 1972 1121 Bl.

254 1151 321 1190 Fr.
355 1152 455 1201 461,
494 1152 531 1191 1.
578 1149 774 1190 λοπάδιον
815 1160 967 1190 meum
1008 1150 1164 1199 probat
1205 1149 1360 1192 Naber.
1402 1150 1465 1190 De
1505 1149 1744 1190 muliere
1785 1148 1854 1195 (cf.
1886 1146 2022 1194 Kock)

312 1229 562 1258 sermonem
595 1229 681 1258 non
713 1228 811 1258 esse
843 1220 1025 1268 apparet
1057 1228 1113 1258 ex
1147 1218 1293 1258 verbis
1327 1217 1440 1269 ὑμῶν
1475 1240 1527 1247 -
1562 1215 1716 1269 ἄνδρες.

255 1287 321 1326 Fr.
355 1287 456 1336 462,
485 1288 524 1326 3.
552 1286 615 1326 Bl.
645 1286 688 1325 in
714 1286 824 1326 dura
849 1286 1078 1336 anapaesti
1104 1286 1316 1327 incisione
1342 1286 1529 1327 haerens
1555 1286 1695 1326 eiecto
1711 1283 1826 1324 ταυτί
1839 1283 2026 1324 coniecit

314 1353 501 1405 ξενύδρια
542 1351 706 1404 <μὲν>,
749 1354 823 1394 vix
865 1356 1001 1403 recte,
1046 1354 1148 1402 quia
1189 1350 1262 1404 μὲν
1293 1353 1389 1394 loco
1421 1351 1742 1404 suofsequitur
1772 1362 1837 1393 vs.
1870 1352 1910 1401 5,
1943 1361 2024 1391 nec

313 1421 443 1461 huius
457 1420 540 1461 loci
558 1423 626 1461 est
641 1421 828 1471 repetita
845 1421 1075 1470 particula.
1105 1421 1149 1460 Si
1167 1421 1267 1470 quid
1284 1421 1568 1471 mutandum,
1587 1419 1838 1470 scripserim
1857 1418 2024 1469 potius:

732 1483 820 1528 οἷον
851 1487 898 1527 τὰ
930 1487 1146 1540 νησιωτικὰ
1179 1488 1367 1541 ξενύδρια
1404 1486 1529 1531 <τὰ>

732 1555 776 1596 ἐν
807 1556 1056 1609 προσφάτοις
1088 1556 1290 1608 ἰχθυδίοις
1320 1554 1578 1609 τεθραμμένα
1608 1553 1684 1596 ιιι-ἓ.

315 1626 397 1665 Sed
447 1626 580 1675 „nihil
619 1627 787 1665 temere
829 1624 1178 1674 innovandum’',
1221 1626 1270 1664 ut
1308 1626 1409 1664 utar
1449 1623 1583 1674 Angli
1614 1623 1776 1674 verbis,
1819 1623 1864 1663 in
1900 1621 2026 1662 cuius

316 1694 424 1733 nihil
467 1704 552 1734 non
595 1698 761 1734 temere
798 1693 1053 1733 innovantis
1095 1703 1169 1733 ore
1209 1693 1322 1733 satis
1361 1692 1543 1733 ridicule
1580 1693 1755 1733 sonant.
1789 1712 1843 1720 —
1875 1689 1951 1730 Vs.
1983 1689 2025 1730 8.

316 1757 528 1813 προσήκατ’
576 1761 791 1801 Headlam
833 1760 947 1811 apud
980 1760 1059 1811 BL,
1094 1761 1169 1809 qui
1199 1761 1293 1810 ipse
1324 1755 1572 1813 προσεδέξατ’
1607 1757 1835 1812 Ἀρκαδικὸς
1864 1760 1911 1799 et
1939 1756 2029 1797 alia

318 1829 534 1877 quaedam
578 1832 633 1879 (p.
668 1829 769 1874 216)
802 1829 1023 1878 proponit;
1067 1827 1293 1878 Ἀρκαδικός
1330 1843 1386 1875 τις
1418 1826 1567 1880 ἔρχεται
1597 1825 1843 1875 ἀθάλαττος;
1873 1823 1916 1866 ἐν
1945 1827 2027 1872 τοῖς

315 1898 347 1934 λ.
380 1893 415 1934 ἁ,
458 1896 564 1935 Ellis
605 1897 717 1946 apud
763 1897 964 1936 eundem.
999 1919 1052 1923 —
1087 1896 1161 1936 Vs.
1206 1898 1246 1936 9.
1295 1897 1428 1937 Recte
1469 1896 1667 1937 Meineke
1709 1893 1765 1935 ὢν
1797 1904 1874 1945 pro
1905 1891 1949 1934 ἐν
1980 1895 2026 1934 et

316 1964 489 2014 Madvig
517 1963 719 2011 λεπαδίοις
751 1965 1012 2005 emendasse
1044 1965 1267 2013 videntur;
1301 1965 1470 2014 reliqua
1500 1974 1611 2004 sana
1642 1973 1741 2004 esse
1771 1962 1972 2003 arbitror.

259 2031 325 2071 Fr.
359 2033 458 2072 463.
501 2032 753 2082 verissime,
795 2031 929 2072 Cobet
970 2042 1026 2072 ex
1068 2032 1119 2072 fr.
1154 2032 1254 2082 568,
1297 2030 1422 2084 quod}
1462 2032 1533 2072 hic
1572 2031 1834 2085 ponendum⁴
1862 2028 2025 2079 tuerat,

317 2099 464 2146 καλοὺς
490 2097 593 2150 ἡμᾶς
620 2110 695 2149 pro
722 2100 910 2139 absurdo
926 2098 1245 2151 φιλανθρώπους
1262 2099 1508 2140 substituit.
1527 2099 1696 2140 Monuit
1711 2099 1846 2139 etiam
1862 2096 2027 2138 Nauck.

261 2167 327 2206 Fr.
362 2169 460 2217 466,
497 2170 536 2208 5.
581 2168 763 2208 Frustra
804 2167 926 2207 Kock
966 2166 1127 2218 λαμπρά
1167 2177 1244 2216 pro
1279 2166 1422 2217 λάμπει
1451 2167 1496 2206 et
1526 2166 1591 2206 Bl.
1618 2166 1768 2219 μεγάλη
1800 2175 1876 2216 pro
1906 2163 2029 2216 αὕτη,

317 2235 429 2283 quod
470 2246 708 2284 pronomen
740 2244 872 2286 saepe
909 2245 1010 2275 cum
1043 2235 1298 2284 contemptu
1330 2234 1520 2285 ponitur,
1562 2235 1611 2274 ut
1640 2234 1778 2275 latine
1809 2234 1939 2284 iste,
1972 2241 2029 2273 ne

318 2302 418 2351 quid
451 2303 592 2342 dicam
625 2303 677 2343 de
711 2303 972 2343 mutationis
1006 2302 1230 2342 violentia.

260 2370 327 2409 Fr.
360 2371 461 2410 470.
496 2370 559 2410 Bl.
600 2371 895 2420 requirentem
938 2368 1037 2409 κατὰ
1067 2369 1194 2421 χειρὸς
1226 2381 1303 2420 pro
1335 2385 1367 2409 κ.
1399 2375 1540 2422 χειρῶν
1572 2370 1788 2410 deterrere
1820 2368 2029 2411 debuerat

320 2448 422 2477 vera
468 2438 619 2478 Kockii
662 2439 914 2479 observatio
960 2440 1169 2488 ,uterque
1214 2449 1428 2478 numerus
1471 2439 1682 2488 usitatus,
1715 2436 1954 2487 singularis
1984 2437 2028 2478 in

316 2506 561 2554 antiquiore
587 2507 812 2546 comoedia
843 2506 1157 2555 frequentior.”
1192 2506 1368 2546 Scilicet
1399 2506 1621 2555 antiquior
1651 2513 1759 2546 usus
1790 2504 1861 2545 hic
1890 2504 2028 2545 fuisse

319 2573 503 2624 videtur,
546 2576 594 2614 ut
634 2574 717 2614 soli
759 2575 959 2623 dextrae,
1004 2584 1091 2623 qua
1122 2574 1246 2614 cibus
1278 2575 1519 2624 caperetur,
1553 2582 1714 2623 aquam
1747 2582 1856 2623 puer
1885 2571 2027 2613 infun·

318 2640 459 2689 deret,
494 2642 723 2691 recentior,
758 2643 806 2681 ut
837 2640 1067 2681 ambabus.

264 2707 328 2746 Fr.
363 2708 462 2757 473,
502 2710 537 2748 1.
573 2709 635 2748 ΒΙ.
667 2707 741 2760 γὰρ
774 2707 1013 2758 θάλλουσιν,
1043 2708 1120 2749 sed
1153 2709 1217 2748 ita
1249 2710 1376 2755 καλῶς
1409 2709 1620 2759 abundat,
1665 2719 1799 2758 quare
1830 2707 2027 2759 praefero

323 2786 469 2815 meum
507 2775 579 2828 γὰρ
611 2776 863 2827 πράττουσιν.
905 2777 1123 2826 Respondi
1157 2777 1321 2817 Kockio
1356 2776 1582 2828 προστάτην
1615 2777 1685 2816 hic
1716 2779 1866 2827 aperte
1897 2775 2026 2817 arti-

322 2844 485 2884 ficem
514 2844 759 2894 significare
784 2846 830 2884 et
854 2843 1103 2896 φιλάργυρον
1126 2855 1228 2885 eum
1246 2844 1315 2885 cui
1333 2854 1418 2885 non
1436 2845 1532 2895 ipsa
1559 2854 1673 2894 ars,
1703 2844 1780 2885 sed
1807 2844 2026 2885 lucrum

321 2912 436 2951 cordi
468 2913 540 2952 sit.
574 2913 688 2953 Nihil
722 2913 855 2963 igitur
885 2912 1008 2953 locus
1041 2913 1105 2953 ita
1136 2915 1361 2953 correctus
1392 2912 1526 2952 habet
1557 2912 1744 2952 obscuri.

265 2979 329 3018 Fr.
363 2980 463 3030 482,
498 2983 537 3021 5.
566 2981 629 3021 ΒΙ.
657 2978 682 3032 ἡ
707 2980 878 3033 πρόνοια
910 2976 945 3020 δ’
982 2977 1007 3031 ἡ
1039 2984 1203 3031 θνητῶν
1230 2981 1417 3021 coniecit
1449 2990 1526 3030 pro
1553 2979 1697 3031 θνητή.
1725 2979 1838 3020 illud
1864 2979 2025 3031 perspi·

323 3048 463 3088 cuitas
496 3048 755 3099 postularet,
788 3049 826 3088 si
859 3051 1062 3098 ageretur
1093 3049 1145 3089 de
1178 3048 1544 3099 providentia
1581 3047 1778 3088 divina
1809 3049 1926 3089 circa
1955 3057 2028 3089 res

323 3116 558 3167 humanas,
586 3117 662 3157 sed
690 3116 984 3166 intellegenda
1009 3119 1078 3157 est
1094 3117 1191 3167 ipsa
1207 3116 1435 3157 hominum
1453 3115 1744 3166 providentia,
1764 3125 2028 3166 quaesoque
2049 3103 2058 3112 ’

324 3185 441 3223 recto
474 3183 710 3224 humana
741 3192 873 3233 quam
906 3183 1192 3224 hominum
1224 3183 1308 3223 dici
1340 3185 1500 3233 potest.
1533 3205 1588 3211 —-
1623 3183 1695 3223 Vs.
1734 3184 1799 3223 10.
1838 3182 1922 3224 Pro
1952 3181 2027 3234 τὴν

323 3250 463 3290 multo
496 3251 655 3291 melius
686 3250 979 3291 Wachsmuth
1010 3249 1077 3290 καὶ
1106 3260 1239 3300 quam
1271 3249 1336 3299 Bl.
1370 3248 1434 3301 δὴ.
