2216 3522
1077 199 1157 239 191

294 320 480 374 θητήρια.
514 322 654 364 Minus
686 323 829 374 placet
860 326 973 374 quod
1006 337 1069 366 vs.
1104 330 1129 367 4
1163 339 1237 377 pro
1270 327 1396 368 αὑτοῦ
1434 328 1614 377 requirit
1646 326 1755 368 ταυτὶ
1788 328 1854 370 vel
1888 327 1988 370 ταῦτ’

295 383 358 441 εὖ,
398 391 472 430 ubi
512 392 550 431 si
589 392 690 441 quid
722 393 1001 443 mutandum,
1037 395 1190 434 malim
1223 396 1383 445 τούτου,
1414 396 1505 435 scil.
1540 402 1609 434 τοῦ
1641 397 1991 447 προσπεπονθέναι

248 449 254 455 ’
295 473 341 496 τι.
373 459 553 515 inutilia
584 459 790 500 videntur
822 470 885 500 vs.
914 462 939 500 6
972 463 1017 500 et
1043 462 1068 500 9
1101 462 1295 502 eiusdem
1322 465 1567 503 tentamina
1591 460 1667 502 οὔτ’
1697 461 1747 502 ἂν
1773 467 1816 504 et
1841 465 1991 516 χῶσπερ

296 529 341 566 et
371 524 518 566 ἶς’ντεινε
549 528 626 567 aut
657 525 928 578 ἐντεινάμενος
960 524 1006 566 ἵν’
1038 526 1209 584 ἁρμόσῃ,
1244 532 1287 569 et
1314 540 1378 570 VS.
1401 532 1450 569 11
1479 530 1776 579 improbabilis
1804 532 1995 572 violenta

295 595 484 635 mutatio
516 596 707 645 corrupti
739 594 867 647 εἴσαγε
905 596 948 635 in
981 595 1124 646 ψάλλε,
1150 607 1233 645 quo
1264 598 1478 647 admisso,
1512 607 1597 637 non
1634 599 1781 637 minus
1812 599 1994 639 obseura

296 664 448 702 manet
478 663 712 703 sententia.

234 794 434 838 Batonis
465 796 516 835 fr.
553 797 591 846 1,
625 797 664 836 2.
708 797 996 837 Probabiliter
1036 798 1184 837 Nauck
1223 797 1288 836 διὰ
1319 797 1452 845 τέλους
1485 802 1574 847 (pro
1605 798 1730 850 βίου),
1765 800 1859 839 coll.
1894 801 1989 840 Eur.

293 864 346 904 fr.
381 864 490 912 273;
523 864 709 904 Philem.
744 865 813 914 88,
848 866 888 904 3.
923 867 971 913 4;
1007 866 1271 905 Moschionis
1302 866 1352 905 fr.
1391 867 1457 915 10,
1492 867 1516 905 2
1551 867 1609 912 (F.
1627 867 1672 906 T.
1693 867 1739 906 G.
1774 878 1813 916 p.
1847 868 1960 913 816).

235 933 304 972 Fr.
339 932 378 981 2,
414 933 451 971 1.
486 931 689 981 Speciose
721 931 785 970 Bl.
819 937 896 969 τῶν
929 931 1163 981 φιλοσόφων
1199 931 1320 979 [τοὺς]
1359 933 1570 983 σώφρονας
1599 931 1672 984 ἐγὼ
1705 933 1867 980 τούτους
1901 938 1990 983 (pro

294 997 502 1045 ἐνταυθοῖ)
534 1001 640 1037 καλῶ
668 997 674 1049 Ι
703 998 795 1045 τοὺς
826 996 900 1037 κτὲ.
929 1021 983 1025 —-‹
1014 999 1084 1038 Vs.
1120 1000 1158 1038 2.
1186 1000 1319 1039 Recte
1351 1000 1543 1039 defendit
1574 999 1659 1050 καὶ,
1690 1002 1800 1050 quod
1834 1002 1992 1041 iniuria

293 1067 398 1107 olim
431 1066 475 1105 in
507 1064 582 1104 κάν
614 1066 856 1105 mutabam.
891 1066 952 1106 Cf.
986 1067 1036 1106 fr.
1071 1069 1110 1117 5,
1148 1069 1200 1106 14
1232 1078 1295 1115 sq,
1326 1090 1370 1094 ——
1407 1068 1480 1107 Vs.
1510 1069 1549 1107 8.
1584 1068 1668 1108 Cur
1694 1071 1823 1123 πολλῷ
1851 1070 1989 1109 eidem

291 1136 515 1184 praestare
548 1133 747 1173 videatur
777 1133 930 1173 leniori
962 1144 1088 1174 meae
1120 1134 1392 1174 coniecturae
1424 1142 1553 1189 συχνῷ
1591 1139 1680 1185 (pro
1711 1140 1872 1182 σαυτοῦ)
1905 1138 1988 1176 vel-

290 1202 379 1242 lem
421 1200 730 1250 significasset.
774 1202 975 1241 Ceterum
1021 1202 1219 1250 ignorare
1251 1202 1422 1241 videtur
1454 1203 1566 1251 quod
1596 1205 1749 1253 postea
1779 1204 1870 1252 ipse
1902 1205 1988 1243 feli-

293 1271 386 1309 cius
430 1270 708 1319 proposuisse
760 1270 869 1309 mihi
918 1270 1085 1310 videor:
1134 1269 1172 1308 τί
1215 1269 1426 1321 τάργύριον
1467 1293 1523 1297 --
1565 1271 1790 1321 τιμιώτερον
1835 1271 1989 1318 αὐτὸς

291 1336 472 1384 τέθεικας
504 1337 546 1383 (l.
579 1336 766 1388 τέθηκας)
798 1335 823 1388 ἢ
855 1335 1008 1385 πέφυκε
1034 1343 1080 1391 τῇ
1108 1337 1247 1386 φύσει;
1272 1337 1333 1377 De
1359 1338 1625 1377 abundantia
1652 1339 1704 1378 cf.
1733 1339 1861 1388 Soph.
1881 1339 1987 1378 Phil.

293 1406 349 1445 79
382 1403 515 1452 ἔξοιδα
547 1402 613 1442 καὶ
644 1405 763 1453 φύσει
794 1415 835 1444 σε
867 1403 920 1455 μὴ
952 1403 1157 1454 πεφυκότα
1187 1410 1350 1444 τοιαῦτα
1382 1409 1544 1455 φωνεῖν.

237 1473 306 1512 Fr.
340 1474 380 1522 3,
416 1474 455 1511 2.
636 1470 702 1510 καὶ
734 1471 913 1524 Λεσβίου
944 1471 1155 1523 χυτρῖδε
1185 1471 1478 1523 λαμβάνειν
1510 1473 1595 1512 δύο.

296 1540 475 1590 Quando
516 1550 678 1588 quaeso
720 1540 833 1579 olla
874 1541 943 1579 est
974 1550 1053 1579 vas
1085 1539 1339 1579 vinarium?
1371 1540 1613 1580 Offendisse
1646 1542 1734 1580 iam
1770 1541 1892 1580 video
1924 1542 1986 1580 Bl.

295 1609 395 1657 apte
443 1607 733 1647 conicientem
779 1606 1045 1658 χοιδάρια,
1092 1617 1175 1656 quo
1221 1609 1371 1647 tamen
1417 1608 1679 1648 diminutivo
1722 1609 1826 1656 quia
1871 1611 1988 1647 caret

293 1675 518 1723 hucusque
569 1675 728 1715 saltem
771 1675 942 1715 lexicon
983 1685 1208 1724 graecum,
1251 1676 1403 1715 malim
1443 1675 1641 1726 χοΐδια,
1681 1676 1808 1715 modo
1847 1676 1987 1714 forma

291 1743 437 1782 soluta
467 1752 543 1792 pro
574 1741 724 1793 χοίδισ,
764 1743 875 1791 quod
907 1752 994 1782 non
1026 1742 1170 1781 ferunt
1202 1743 1390 1791 numeri,
1425 1743 1536 1792 apud
1569 1743 1780 1782 Batonem
1813 1743 1987 1782 tolerari

291 1811 443 1860 possit.
486 1810 568 1849 Sed
609 1811 727 1849 enim
765 1810 890 1858 plura
920 1810 963 1848 in
996 1809 1244 1849 recentibus
1275 1810 1343 1848 his
1374 1810 1515 1859 poetis
1546 1811 1817 1859 reperiuntur
1849 1810 1986 1849 Helle-

290 1877 423 1917 nismi
457 1878 665 1927 vestigia;
710 1887 848 1926 neque
879 1877 1014 1926 igitur
1044 1877 1160 1916 ultra
1190 1887 1463 1926 quaererem,
1497 1878 1582 1916 nisi
1612 1878 1726 1916 haud
1757 1878 1913 1916 iniuria
1944 1878 1984 1916 in

290 1945 509 1997 λαμβάνειν
551 1945 787 1984 offendisse
828 1945 944 1984 idem
976 1945 1085 1983 mihi
1117 1945 1351 1994 videretur,
1385 1945 1485 1993 quia
1517 1945 1729 1984 emendi
1762 1946 1880 1984 notio
1912 1946 1987 1991 (sic

290 2013 407 2053 enim
450 2012 642 2062 explicat
682 2012 818 2058 Kock)
857 2007 959 2051 huic
998 2011 1111 2061 loco,
1154 2011 1227 2051 ubi
1269 2012 1499 2061 potandi
1530 2013 1798 2061 expectatur,
1832 2022 1986 2061 parum

289 2082 392 2130 apta
423 2082 503 2120 est.
538 2080 620 2119 Pro
651 2090 701 2120 eo
733 2079 798 2119 Β1.
833 2079 1019 2119 coniecit
1051 2078 1275 2129 συμπίνειν.
1309 2079 1434 2129 Quid,
1473 2080 1509 2117 si
1541 2079 1650 2118 Bato
1681 2079 1883 2118 dederit:

617 2145 683 2185 καὶ
715 2146 893 2197 Λεσβίου
925 2145 1106 2197 χοίδια
1139 2146 1489 2185 συνεκπίνειν
1522 2146 1594 2184 δύο

291 2215 359 2254 vel
391 2215 536 2264 potius

617 2279 683 2320 καὶ
715 2280 893 2331 Λεσβίου
924 2280 1098 2331 χοίὸια
1130 2280 1509 2320 συνεκλάπτειν
1543 2280 1648 2319 ὃύοὶ)

292 2349 385 2388 scil.
418 2347 512 2399 μετὰ
543 2353 611 2399 τῆς
642 2347 842 2399 γυναικός.
879 2347 940 2387 Cf.
971 2358 1035 2387 VS.
1070 2349 1108 2387 3.
1132 2370 1182 2376 —
1211 2348 1284 2387 VS.
1320 2350 1358 2387 6.
1402 2346 1546 2398 ἄτομος
1588 2349 1771 2387 coniecit
1802 2348 1879 2397 BL,
1911 2349 1985 2387 sed

291 2413 437 2462 ἄτοπος
468 2416 577 2455 bene
608 2415 797 2464 explicat
831 2415 964 2455 Kock.

236 2483 302 2523 Fr.
336 2484 376 2532 4,
415 2484 452 2522 1.
486 2483 568 2523 Pro
599 2477 643 2522 εὖ
675 2484 712 2534 γ’
743 2483 806 2522 Bl.
841 2478 948 2533 σύχν’
983 2484 1059 2521 aut
1091 2480 1205 2520 πύκν’
1243 2483 1426 2522 forsitan
1460 2484 1592 2532 recte,
1627 2483 1702 2521 sed
1728 2482 1843 2521 male
1870 2493 1932 2521 vs.
1961 2483 1985 2520 2

291 2546 613 2600 ἀναπεπλήσμεθ’
646 2561 722 2599 pro
754 2545 1086 2601 ἀναγεγράμμεθ’,
1111 2550 1222 2598 quod
1250 2551 1412 2599 optime
1439 2551 1483 2589 in
1510 2545 1814 2600 ἀνατετράμμεθ’
1847 2551 1985 2588 muta-

292 2618 356 2657 vit
391 2618 497 2657 olim
538 2617 694 2667 Bothe,
729 2627 858 2666 quam
893 2617 1244 2656 emendationem
1276 2618 1433 2657 merito
1467 2617 1726 2657 Cobetianae
1757 2614 1986 2654 ἀναπεπαύ-

292 2680 377 2734 μεθ’
423 2684 631 2734 praetulit
673 2684 806 2724 Kock.
834 2706 889 2711 ---
916 2684 988 2723 Vs.
1019 2685 1057 2724 3.
1101 2685 1200 2724 Iure
1232 2685 1293 2723 Bl.
1328 2685 1507 2724 Porsoni
1541 2684 1835 2724 coniecturam
1862 2679 1981 2733 βιβλί’

292 2750 334 2790 ἐν
365 2751 502 2797 (codd.
535 2750 708 2802 βιβλίον)
750 2750 904 2800 probat
944 2761 1045 2800 prae
1078 2751 1293 2790 Bothiana
1325 2751 1479 2802 βιβλίον
1512 2750 1566 2799 ἕν,
1597 2751 1650 2790 01)
1682 2760 1861 2798 pravam
1896 2760 1984 2788 cae-

291 2829 442 2858 suram
490 2818 636 2857 minus
683 2817 1033 2857 commendabili.
1086 2818 1232 2866 Neque
1279 2819 1547 2858 haerendum
1594 2818 1636 2856 in
1685 2826 1766 2855 usu
1809 2816 1987 2865 pluralis

292 2885 480 2935 numeri,
525 2893 608 2933 quo
650 2894 736 2923 non
777 2884 979 2923 dicuntur
1019 2884 1164 2933 plures
1195 2884 1327 2924 simul
1359 2884 1456 2924 libri
1488 2883 1690 2923 manibus
1722 2883 1877 2932 teneri,
1910 2883 1985 2921 sed

290 2952 403 2991 alius
434 2952 533 3001 post
564 2950 715 2990 alium.
751 2973 802 2979 —
836 2950 909 2990 Vs.
929 2952 969 2990 4.
1003 2951 1305 3001 Σιμωνακτίδης
1333 2961 1408 3000 pro
1434 2949 1789 3001 Σημωνακτίδηςθ
1814 2949 1985 2988 Polluce

291 3019 463 3058 restitui
505 3017 626 3057 iubet
666 3017 802 3066 idem,
847 3019 892 3056 at
933 3028 1088 3066 graeca
1119 3018 1297 3057 nomina
1328 3020 1431 3057 sunt
1456 3019 1612 3067 Σῆμος,
1643 3014 1811 3065 Σήμων,
1841 3017 1983 3065 Σημω-

290 3085 424 3135 νίδης,
454 3094 540 3125 11011
572 3085 720 3124 minus
751 3095 883 3133 quam
916 3087 1062 3134 Σῖμος,
1093 3084 1246 3134 Σίμων,
1277 3084 1519 3135 Σιμωνίδης.

234 3154 300 3193 Fr.
330 3155 370 3202 5,
402 3153 467 3191 13.
496 3152 545 3191 In
572 3150 749 3198 ἅπαντας
773 3161 873 3191 cum
901 3152 1237 3201 exaggeratione
1264 3153 1377 3191 dicto
1399 3152 1583 3191 sortasse
1601 3160 1686 3190 non
1704 3149 1984 3189 haerendum.

291 3220 439 3259 Potuit
466 3228 571 3258 sane
599 3228 745 3257 errore
771 3218 1004 3267 repetitum
1034 3229 1130 3258 esse
1158 3229 1211 3258 ex
1241 3228 1303 3257 vs.
1327 3219 1389 3257 10.
1418 3218 1480 3257 Bl.
1501 3218 1684 3257 coniecst
1702 3217 1743 3254 B.
1760 3214 1923 3265 μάλιστά
1941 3210 1984 3265 γ’.
