2216 3522
1117 197 1197 236 126

273 326 340 365 Fr.
378 326 473 375 149,
508 325 547 363 2.
580 321 652 373 οὐχ
683 318 914 373 ἁρχιτέκτων
939 322 1056 361 reete
1083 321 1236 361 Bothe.
1258 342 1310 348 -
1329 320 1403 361 VS.
1422 321 1463 361 8.
1495 318 1571 360 κάκ
1600 331 1679 371 pro
1709 318 1776 360 nal
1807 320 2033 363 Richards.

331 393 392 433 De
435 391 553 433 verbi
595 400 677 430 usu
716 389 780 429 Bl.
822 389 895 429 cst.
939 388 1123 429 Damox.
1166 389 1206 438 2,
1254 390 1326 437 11;
1365 389 1552 439 Sosipat.
1585 390 1656 431 37.
1690 412 1745 419 —
1777 388 1852 430 Vs.
1889 389 1956 430 10.
1989 389 2035 430 Si

329 458 525 513 ἀστοχήσῃ
557 457 699 498 facilis
730 458 807 496 aut
838 455 1075 506 probabilis
1106 456 1358 496 coniectura
1394 458 1514 496 esset
1543 466 1621 507 pro
1652 454 1852 511 ὑστερίζῃ,
1881 456 2037 497 statim

328 526 621 568 consentirem
655 523 819 564 Kockio
851 533 949 563 eam
982 523 1312 573 praeferendam
1339 533 1437 563 esse
1462 523 1704 574 suspicioni
1731 533 1875 574 meae,
1901 532 2035 572 quam

331 595 428 635 vide
475 593 587 643 apud
627 593 791 641 ipsum,
834 590 910 630 sed
953 601 1034 630 nec
1072 590 1256 631 lenitate
1295 590 1372 631 illa
1412 590 1663 632 coniectura
1703 590 2038 632 commendatur

331 674 410 702 nec
436 670 660 708 sermone,
690 659 728 698 si
755 658 931 707 quidem
954 660 1059 698 ante
1079 657 1312 708 Polybium
1341 668 1470 699 nemo
1494 659 1682 709 scriptor
1703 658 1836 699 verbo
1862 655 2044 710 ἀστοχεῖν

333 740 438 770 usus
476 730 557 768 est.
601 725 820 775 Blaydesii
864 727 1015 765 autem
1057 726 1309 766 coniectura
1347 724 1539 781 ὗστερήσῃ
1570 726 1681 766 nihil
1711 725 1950 777 proficitur.
1979 724 2043 766 De

331 796 543 846 ὑστερίζειν
580 795 633 835 cf.
671 793 817 833 simile
855 792 1079 832 Menandri
1114 793 1165 833 fr.
1199 794 1300 843 864,
1329 795 1370 833 4.
1407 815 1457 822 —
1487 793 1562 835 Vs.
1600 794 1668 835 19.
1710 789 1929 846 ὡρισμένος
1963 793 2041 833 aut

331 862 561 915 ὡρισμένοις
592 871 669 911 pro
711 858 911 911 ὁρώμενος
937 860 1002 901 Bl.
1045 860 1276 901 Praestare
1308 861 1417 901 mihi
1459 861 1632 902 videtur
1672 861 1855 911 vulgata
1889 859 2040 910 lectio,

332 942 436 972 nam
476 931 566 971 lex
608 938 712 968 non
749 927 996 968 definita
1026 937 1114 968 non
1146 929 1215 968 est
1245 927 1358 978 lex,
1402 928 1494 968 lex
1525 928 1855 969 invisibilis
1885 929 2040 969 extare

332 1001 494 1049 potest,
528 996 627 1046 sed,
660 997 710 1035 ut
740 1005 895 1035 omnes
926 997 1110 1036 naturae
1142 997 1283 1048 legeS,
1317 996 1501 1037 oculis
1534 1007 1642 1038 non
1674 996 1943 1038 cernitur.

274 1068 341 1107 Fr.
379 1067 474 1115 150,
509 1066 548 1105 2.
592 1068 752 1115 φρενῶν
794 1062 1018 1113 eleganter
1059 1064 1201 1104 Naber
1239 1074 1318 1114 pro
1359 1070 1539 1116 φρονῶν,
1578 1064 1692 1115 quod
1733 1066 1885 1105 tamen
1919 1064 2042 1104 stare

333 1144 461 1184 posse
494 1132 679 1172 videtur.

273 1203 341 1243 Fr.
378 1202 473 1242 153.
515 1200 565 1240 In
608 1197 804 1247 Append.
846 1208 968 1247 prov.
1002 1199 1042 1249 3,
1075 1199 1131 1239 35
1162 1201 1281 1240 recte
1313 1197 1610 1251 καταπληκτικοὶ
1639 1208 1717 1251 pro
1748 1197 2043 1256 καταῑηῖιῖορν

332 1267 411 1316 Β1.,
444 1266 558 1315 quod
591 1268 636 1306 et
667 1266 761 1315 ipse
793 1265 1003 1307 videram.

191 1322 194 1329 '
275 1335 341 1374 Fr.
380 1317 476 1405 res,
512 1336 550 1374 5.
583 1329 739 1374 θύννεε
774 1333 902 1374 malit
931 1334 994 1374 131.
1028 1334 1116 1375 cod
1147 1335 1186 1374 A
1215 1335 1386 1383 θύννας.
1710 1388 1716 1394 ¹
2023 1385 2030 1390 ¹

274 1403 340 1442 Fr.
379 1404 474 1452 156,
505 1403 544 1442 3.
578 1402 712 1442 Recte
734 1401 884 1442 Nauck
910 1398 1057 1442 πλείον’
1089 1400 1128 1455 ἢ.
1154 1402 1216 1444 Of.
1246 1403 1298 1444 de
1326 1403 1560 1444 verborum
1577 1402 1730 1444 ordine
1747 1403 1799 1444 fr.
1821 1402 1920 1455 183,
1937 1403 2038 1443 8.-

332 1470 406 1510 Vs.
441 1471 480 1510 6.
514 1469 741 1520 Quondam
771 1469 975 1519 proposui
1001 1466 1184 1510 τύπτεσθ’
1217 1467 1459 1522 ἐκδέδεκται,
1484 1471 1639 1520 postea
1655 1469 1719 1511 Bl.
1747 1480 1898 1511 meum
1923 1469 2041 1520 igno-

332 1548 435 1578 rans
476 1538 555 1578 aut
595 1537 733 1577 silens
776 1537 994 1577 τύπτεσθαι
1035 1535 1214 1577 δέδεκται
1255 1540 1333 1578 aut
1371 1552 1411 1577 τε
1458 1535 1626 1590 δέχεται,
1665 1538 1744 1578 sed
1785 1537 1952 1588 optime
1992 1546 2043 1577 ΒΘ

332 1605 465 1645 habet
494 1605 739 1655 perfectum
771 1606 816 1645 et
847 1606 1044 1655 praestat
1075 1605 1259 1646 verbum
1291 1605 1585 1656 compositum
1616 1604 1856 1655 excepit.

276 1674 343 1713 Fr.
390 1672 487 1712 159.
529 1672 745 1712 Headlam
788 1672 862 1712 cft.
903 1673 1169 1723 Antiphanis
1198 1673 1250 1713 fr.
1285 1674 1365 1722 86;
1397 1673 1539 1714 Plaut.
1576 1673 1732 1714 Pseud.
1766 1673 1876 1722 7955
1909 1671 2040 1723 soph.

333 1739 444 1780 Phil.
477 1741 708 1789 446—50;
742 1739 913 1790 Apuleii
940 1740 1040 1781 Met.
1078 1740 1137 1780 IV
1174 1741 1228 1782 67
1268 1742 1313 1781 et
1338 1740 1440 1783 alia.
1467 1740 1575 1781 Cum
1605 1740 1758 1781 eodem
1788 1739 1842 1782 fr.
1883 1739 1982 1791 158,
2018 1741 2039 1780 1

334 1807 488 1847 malim
521 1805 616 1857 ε’μὸν
648 1817 725 1857 pro
757 1805 866 1858 ἐμοῦ.

275 1876 343 1915 Fr.
381 1875 476 1924 162,
510 1876 550 1915 4.
599 1875 883 1924 Scripserim:
921 1874 1073 1914 τούτων
1105 1874 1148 1914 οἵ
1179 1872 1329 1926 <μὲν>
1371 1878 1474 1927 τρεῖς
1505 1874 1831 1927 δειπνοῦμεν
1856 1873 1864 1928 Ι
1892 1873 1969 1915 δύο
2000 1870 2039 1914 δ’

333 1941 514 1990 αὐτοῖς
561 1947 676 1989 (cum
725 1943 890 1983 Kockio
936 1953 1013 1993 pro
1060 1941 1222 1990 αὐτοῖς).
1271 1943 1436 1984 Vocula
1477 1941 1540 1994 δέ,
1579 1953 1713 1994 quam
1759 1944 1860 1994 post
1889 1941 2042 1983 τούτων

333 2011 489 2051 inserit
515 2010 649 2061 Kock,
678 2020 786 2060 opus
813 2020 899 2050 non
927 2012 1015 2061 est,
1049 2011 1150 2060 quia
1176 2011 1343 2060 passim
1371 2011 1425 2051 ab
1451 2011 1618 2062 optimo
1643 2021 1813 2061 quoque
1827 2011 2042 2062 scriptore

334 2075 557 2125 ἁσυνδέτως
588 2079 828 2128 usurpatur
857 2077 910 2118 ab
942 2077 1068 2118 initio
1099 2078 1294 2128 positum
1320 2089 1562 2129 pronomen
1589 2080 2006 2121 demonstrativum.

276 2146 343 2186 Fr.
381 2146 477 2196 163,
512 2146 551 2185 3.
584 2145 718 2186 Recte
749 2143 928 2200 αἰσθάνῃ
960 2144 1223 2196 O.Crusius,
1257 2146 1334 2186 sed
1366 2156 1432 2187 vs.
1464 2148 1491 2187 4
1524 2148 1602 2188 vix
1626 2146 1900 2198 probandum
1926 2146 2042 2197 quod

333 2214 559 2263 proposuit
603 2215 733 2265 γονεῖς
781 2215 872 2263 (pro
913 2210 1051 2265 λέγεις)
1091 2213 1187 2253 sine
1224 2213 1430 2265 articulo,
1470 2225 1551 2256 nec
1589 2215 1786 2265 poenitet
1825 2224 1898 2256 me
1936 2213 2042 2255 olim

335 2281 531 2320 suasisse
562 2278 634 2319 ἀεὶ.
669 2302 722 2309 -
755 2280 829 2320 Vs.
864 2280 904 2322 7.
938 2276 1112 2331 ἀφήδομ’
1147 2280 1212 2321 Bl.
1248 2280 1429 2321 verbum
1461 2291 1680 2332 nusquam
1712 2282 1892 2323 lectum.

277 2350 343 2389 Fr.
382 2350 477 2388 165.
512 2347 575 2389 131.
610 2345 749 2400 ἐρρέτω
778 2344 783 2401 Ι
812 2343 1004 2398 μέλαιν’
1036 2343 1206 2401 Ὀπώρα·
1239 2346 1312 2388 uti.
1355 2350 1415 2390 At
1446 2350 1555 2390 nihil
1590 2351 1711 2391 vetat
1741 2349 1880 2390 fuisse
1910 2350 2042 2392 tetra·

336 2419 542 2457 metrum.
577 2416 659 2456 Sed
691 2416 849 2456 haereo
882 2416 924 2455 in
957 2413 1134 2467 μέλαινα.
1167 2415 1282 2456 Num
1316 2416 1430 2457 forte
1461 2417 1545 2458 fuit
1575 2412 1806 2459 tdloeav‘?

279 2486 345 2525 Fr.
392 2484 489 2538 167,
524 2484 563 2524 2.
614 2483 673 2524 De
719 2485 902 2523 accentu
951 2482 1116 2535 διαρκής
1164 2484 1336 2524 dubitat
1382 2484 1463 2535 Bl.,
1513 2484 1678 2537 διάριιης
1724 2483 1951 2534 requirens
1995 2484 2045 2524 ut

333 2550 547 2602 αὐτάρκης.
580 2551 638 2591 At
669 2551 805 2590 etiam
838 2548 1003 2602 ἕξαρκής
1035 2553 1259 2600 oxytonon
1291 2552 1372 2591 est.
1401 2551 1502 2593 Scil.
1530 2551 1883 2603 praepositiones
1906 2550 2043 2591 mino·
2074 2568 2079 2573 ·

335 2630 428 2659 rem
463 2619 552 2658 vim
584 2620 792 2659 exercent
822 2618 866 2658 in
899 2621 1130 2659 accentum
1163 2628 1296 2668 quam
1327 2620 1523 2660 nomina.

278 2688 343 2727 Fr.
382 2688 477 2737 171,
516 2688 551 2726 1.
596 2684 818 2737 παρέφερεν
849 2686 913 2727 Bl.
957 2686 1040 2727 Sed
1073 2687 1171 2736 quis
1202 2688 1400 2737 praestet
1430 2687 1710 2728 Athenaeum
1741 2685 1917 2736 plenam
1947 2694 2044 2726 sen·

337 2755 521 2794 tentiam
562 2754 800 2794 attulisse?
848 2754 1023 2804 Optimo
1065 2754 1247 2795 consilio
1289 2754 1410 2795 Kock
1442 2754 1550 2795 nihil
1582 2755 1627 2795 in
1658 2754 1822 2794 talibus
1853 2753 2047 2794 mutavit

337 2833 415 2861 nec
456 2822 681 2871 proposuit
721 2830 857 2870 aeque
889 2821 1044 2861 dubias
1076 2830 1127 2861 ac
1158 2820 1309 2861 faciles
1340 2821 1634 2872 coniecturas,
1667 2821 1826 2871 quibus
1856 2820 2045 2862 nimium

337 2890 533 2939 indulget
565 2889 766 2938 Blaydes.

282 2957 345 2995 Fr.
388 2958 479 3005 172,
515 2958 539 2996 5
572 2968 636 3005 sq.
679 2956 740 2996 Cr.
784 2955 984 2997 Pherecr.
1029 2956 1069 2995 11
1103 2957 1213 3005 2555
1258 2955 1482 3007 Hermipp.
1516 2957 1557 2996 11
1590 2958 1700 3006 3883
1743 2955 2044 3007 Aristophont.

340 3025 397 3063 111
438 3025 542 3073 175;
576 3024 716 3063 Plaut.
751 3023 907 3064 Pseud.
936 3023 1197 3063 881—884:
1241 3023 1354 3063 Non
1396 3033 1494 3074 ego
1538 3024 1620 3064 ita
1666 3024 1931 3065 convivis
1970 3031 2044 3064 ce-

339 3102 459 3130 nam
495 3092 778 3131 conditam
811 3090 951 3130 dabo
977 3089 985 3141 1
1015 3090 1197 3140 hodie,
1232 3094 1400 3139 atque
1433 3090 1515 3131 ita
1547 3091 1713 3131 suavi
1746 3090 2046 3131 suavitate

339 3158 643 3210 conditam,
674 3156 680 3209 Ι
709 3160 766 3197 ut
799 3157 1042 3206 quisque
1074 3157 1319 3207 quidque
1352 3157 1641 3199 conditum
1669 3157 2041 3208 gustaverit,1

339 3225 502 3274 Ipsus
534 3226 643 3265 sibi
677 3226 880 3265 faciam
916 3227 972 3264 ut
1004 3225 1224 3274 digitos
1256 3225 1554 3274 praerodat
1584 3235 1805 3267 su08.—
1834 3224 1951 3267 Vsss.
1979 3223 2044 3265 Bi.
