2216 3522
1095 249 1152 290 50

299 374 468 416 Kontos
500 376 599 425 Aoy.
643 368 755 425 Ἑρμ.
801 374 821 412 I
871 384 911 423 p.
956 373 1031 423 31,
1085 372 1137 412 de
1178 381 1361 412 caesura
1402 373 1502 421 post
1542 370 1725 412 tertium
1765 370 2007 422 proceleus-

298 442 511 483 maticum
558 441 758 490 neglecta
808 440 1036 480 conferens
1083 439 1304 479 Timothei
1349 438 1401 479 fr.
1436 439 1482 489 7,
1520 439 1584 478 111
1624 450 1666 490 p.
1698 439 1784 480 622
1825 439 2008 491 Bergk.;

297 510 418 559 Diog.
466 509 511 548 L.
545 510 584 558 6,
629 508 706 557 79;
751 508 973 557 Aristoph.
1016 507 1067 547 fr.
1095 507 1181 547 698
1208 507 1261 547 Κ.
1294 507 1408 547 Item
1455 506 1609 547 Kockii
1649 506 2007 557 supplementum

296 574 503 627 πιθομένω
534 576 627 616 iure
659 576 888 615 damnavit
918 574 1088 625 Nauck,
1124 574 1221 615 Mel.
1255 574 1326 615 VI.

239 647 307 686 Fr.
341 645 441 685 707.
489 642 572 684 Cft.
615 643 678 683 Bl.
732 643 836 683 Hes.
877 642 934 692 gl.
976 641 1341 694 χορταιοβάμω
1356 652 1389 680 ν·
1433 644 1617 694 χορταῖον
1656 640 1700 682 τὸ
1740 640 1895 694 ἔνδυμα
1934 646 2007 683 τοῦ

297 714 508 762 Σειληνοῦ.

238 780 305 820 Fr.
340 781 439 820 711.
472 737 722 885 σαρκίνηῄ
753 777 904 827 Eupol.
938 777 979 816 II
1011 777 1097 817 573
1131 777 1185 817 M.
1219 777 1293 818 cst.
1327 776 1458 817 idem.

238 849 305 888 Fr.
339 848 438 887 712.
467 846 564 886 Alio
590 856 668 885 sen
697 857 723 886 u
749 845 853 885 Hes.
882 844 1202 898 ἀπόμακτρα·
1229 844 1339 893 ξύλα.
1364 843 1433 892 τὰς
1458 843 1654 892 σκυτάλας
1671 842 1714 884 ἕν
1734 838 1799 892 αἷς
1816 841 2008 896 &noma

294 914 340 954 τὰ
371 913 615 965 μέτρα(ΒΙ.).
636 913 811 954 -Eodem
842 924 977 953 sensu
1008 913 1181 965 σκυτάλη
1213 913 1519 963 usurpabatur.
1551 912 1615 954 Cf.
1644 912 1798 964 papyri
1822 911 2007 953 Amher·

295 982 429 1022 stiani
476 981 517 1020 11
557 982 628 1031 43,
661 981 688 1020 9
730 982 776 1020 et
814 981 981 1021 Musaei
1013 980 1256 1031 Gizehiani,
1290 991 1387 1031 pap.
1424 981 1568 1021 10250
1599 981 1856 1031 (Euergetae
1885 981 2007 1031 aet.);

296 1049 457 1090 Archiv
488 1047 517 1088 ἰ.
551 1048 654 1098 Pap.
687 1047 729 1087 II
761 1048 818 1087 80
851 1050 895 1088 et
926 1048 1038 1088 Dict.
1072 1048 1150 1089 des
1176 1050 1267 1089 ant.
1301 1048 1373 1088 Gr.
1407 1050 1452 1088 et
1483 1048 1629 1099 Rom.,
1662 1047 1868 1089 Daremb.
1898 1058 1936 1089 s.
1963 1058 2006 1088 v.

297 1126 522 1156 mensor
551 1126 590 1165 p.
629 1115 740 1155 1727
775 1116 814 1156 A
848 1117 963 1156 extr.

236 1186 303 1225 Fr.
338 1185 436 1224 722.
470 1181 748 1235 κνημιοπαχές.
783 1182 844 1223 Cf.
877 1183 1139 1235 παχύκνημος
1171 1183 1235 1223 Pl.
1270 1184 1357 1224 560
1389 1183 1498 1230 (BL).

237 1254 304 1292 Fr.
339 1253 439 1292 723.
486 1254 640 1303 λεπρῶν
681 1253 727 1291 et
765 1250 906 1302 μυδῶν
947 1251 1134 1292 coniecit
1175 1251 1330 1291 Naber.
1364 1250 1428 1291 Bl.
1462 1251 1517 1291 ad
1560 1247 1706 1303 ὀξηρόν
1738 1251 1812 1292 cft.
1844 1249 2005 1292 Herod.

294 1320 357 1359 III
390 1321 415 1359 6
448 1318 637 1370 κεράμιον
667 1317 845 1370 οἰνηρόν.
876 1318 985 1358 Add.
1019 1317 1228 1370 ἰχθυηρός.

235 1387 303 1427 Fr.
338 1388 437 1427 732.
471 1386 533 1427 Cf.
566 1386 671 1426 Hes.
704 1384 1014 1437 φιλοκηδής·
1046 1382 1068 1425 ὃ
1098 1385 1362 1437 κηδεμονικός
1393 1386 1539 1436 ibique
1570 1385 1624 1426 Μ.
1657 1385 1871 1426 Schmidt.

235 1454 302 1494 Fr.
337 1455 436 1494 746.
470 1453 633 1494 Contra
664 1451 872 1501 εὖξυνεσία
904 1454 949 1493 et
979 1451 1242 1493 εὖπαιὸευσία
1273 1453 1359 1494 dici
1389 1453 1599 1494 observat
1629 1453 1694 1494 Bl.

236 1522 303 1562 Fr.
337 1523 437 1563 750.
471 1521 567 1562 Vid.
601 1521 656 1561 ad
688 1521 740 1561 fr.
775 1522 877 1561 612.

236 1589 304 1629 Fr.
339 1590 438 1630 761.
472 1590 729 1641 βωλοκοπεῐν.
761 1589 824 1630 Cf.
853 1592 1105 1629 πιττοκοπεῖν
1135 1589 1265 1630 Alex.
1300 1589 1400 1640 264,
1438 1591 1459 1629 l
1494 1589 1604 1636 (BL).

237 1657 304 1697 Fr.
340 1658 438 1698 769.
481 1656 669 1704 δυάκις
710 1655 776 1695 καὶ
814 1656 975 1708 τριάκις.
1005 1657 1106 1697 Ioco
1139 1657 1203 1698 ita
1235 1657 1402 1698 dixisse
1433 1659 1611 1707 poetam
1643 1657 1771 1697 credo
1801 1657 1846 1697 in
1878 1666 2009 1698 versu

294 1724 367 1765 ubi
400 1725 525 1774 plura
555 1724 763 1766 adverbia
788 1725 832 1764 in
856 1723 920 1771 ἳιῖξ
952 1726 1302 1776 praecesserant,
1335 1735 1440 1766 nam
1468 1725 1582 1774 quod
1608 1724 1857 1774 Hesychius
1872 1723 2010 1765 tradit

295 1791 500 1844 τριάκις
546 1789 634 1831 ἀντὶ
674 1797 745 1832 τοῦ
788 1791 869 1845 τρὶς
909 1792 1159 1840 Λάκωνες
1200 1803 1357 1843 parum
1397 1792 1614 1833 credibile.
1658 1792 1863 1833 Fortasse
1899 1791 2006 1833 olim

294 1859 511 1900 citabatur
539 1858 803 1910 Λάκωσιν,
833 1860 927 1901 sive
945 1859 1130 1911 Cratini,
1158 1861 1253 1901 sive
1280 1860 1521 1911 Eupolidis,
1549 1861 1644 1900 sive
1672 1859 1887 1911 Platonis,
1911 1859 2008 1900 sive

292 1927 607 1977 Nicocharidis,
655 1928 748 1967 sive
804 1928 960 1968 Eubuli
1007 1926 1155 1968 sabula
1210 1928 1538 1978 respiciebatur.
1592 1927 1756 1968 Eodem
1804 1927 1900 1968 ioco
1938 1926 2006 1967 uti

293 1995 434 2045 potuit
465 1994 802 2045 Aristophanes,
837 1996 906 2035 cui
937 1996 1046 2035 haec
1079 1995 1233 2035 tribuit
1262 1995 1336 2036 BA
1369 1996 1470 2046 942,
1506 1996 1576 2036 22.
1618 1995 1733 2034 Hinc
1763 1993 2007 2044 corrigatur
2071 2009 2079 2018 ·

294 2063 539 2102 Lexieon
573 2072 723 2102 meum
755 2063 1176 2113 suppletorium
1207 2065 1262 2103 et
1292 2063 1663 2104 dialecticum
1696 2072 1732 2103 s.
1750 2072 1792 2102 v.
1819 2060 1973 2110 δυάκις.

237 2132 303 2171 Fr.
337 2131 435 2171 775.
468 2128 677 2182 ἕπροξένει.
713 2131 926 2181 „Prorsus
958 2132 1086 2172 iuxta
1117 2131 1361 2182 regulam”.
1395 2131 1560 2172 Nauck.

236 2199 301 2238 Fr.
335 2186 435 2246 786.
468 2197 518 2237 εἴ
538 2201 708 2238 ποθεν
739 2201 858 2239 recte
890 2200 1078 2240 coniecit
1107 2200 1339 2241 Headlam.

234 2266 302 2306 Fr.
345 2266 446 2306 804.
499 2265 825 2305 relevantem
876 2269 922 2307 et
963 2269 1223 2319 λεγνῶσαι
1274 2277 1430 2318 pamm
1476 2265 1759 2326 probabiliter
1799 2266 2004 2317 proponit

291 2333 355 2373 Bl.
388 2344 426 2383 p.
461 2334 535 2382 72;
569 2333 729 2374 melius
761 2333 1067 2386 λαγονίσαι,
1097 2337 1147 2376 ut
1177 2335 1377 2388 πυγίζειν,
1406 2334 1550 2384 Bergk
1580 2344 1658 2385 pro
1689 2335 1923 2386 λεγωνῆσαι.

234 2401 302 2441 Fr.
336 2402 436 2441 809.
488 2400 678 2452 Λίστριον
727 2403 772 2441 et
817 2400 974 2453 λίστρον
1015 2413 1093 2453 per
1134 2403 1459 2453 diphthongum
1501 2402 1694 2454 λείστριον
1736 2403 1782 2442 et
1825 2402 2005 2454 λεῖστρον

291 2468 518 2509 scribenda
549 2469 767 2509 videntur.
809 2469 871 2510 Cf.
910 2470 1103 2511 Lexicon
1134 2481 1287 2512 meum
1318 2470 1460 2521 suppl.
1494 2471 1539 2510 et
1565 2469 1667 2510 dial.
1700 2479 1741 2520 p.
1774 2470 1862 2510 493
1890 2478 1928 2511 s.
1961 2479 2003 2510 v.

290 2537 497 2587 λείστριον.

232 2605 298 2643 Fr.
330 2604 429 2644 810.
462 2605 791 2645 Grammaticus
814 2605 1133 2655 Aristophanes
1164 2606 1486 2656 intellegendus
1527 2615 1627 2645 cum
1659 2603 2004 2646 Wilamowitzio

289 2674 334 2711 et
367 2671 573 2711 Nauckio.

232 2739 299 2778 Fr.
334 2738 432 2779 813.
468 2739 792 2789 Etymologiam
826 2739 947 2780 verbi
979 2742 1128 2782 tentat
1158 2741 1222 2782 Bl.
1255 2752 1295 2792 p.
1329 2742 1430 2782 821.

232 2806 297 2845 Fr.
332 2806 431 2846 823.
468 2807 626 2847 Forma
657 2805 957 2859 ἀλάβαστον
991 2809 1116 2849 unice
1148 2809 1287 2850 attica
1317 2811 1399 2850 est.
1433 2808 1495 2849 Cf.
1531 2802 1774 2849 Meisterh.³
1806 2807 1877 2859 82,
1910 2808 1953 2848 5.

231 2872 297 2912 Fr.
332 2874 431 2913 856.
465 2875 661 2914 Atticum
694 2876 763 2915 est
794 2874 1065 2928 σφογγίας.

232 2940 296 2979 Fr.
331 2942 430 2981 865.
464 2941 524 2982 De
555 2941 743 2992 σύμποόιι
777 2942 830 2982 cf.
859 2942 1050 2983 Herond.
1084 2943 1146 2983 111
1180 2944 1251 2985 96.

232 3006 297 3047 Fr.
330 3008 430 3048 866.
464 3008 802 3061 συρβατύρβα
844 3009 1128 3060 probabiliter
1170 3010 1338 3061 Nauck,
1398 3011 1494 3051 coll.
1536 3011 1641 3051 Hes.
1684 3009 1865 3062 σύρβα·
1902 3006 1999 3061 μετὰ

288 3075 485 3126 θορύβου.
518 3075 581 3115 Bl.
615 3075 688 3116 cit.
722 3078 1104 3127 topsy-turvy.

231 3141 296 3181 Fr.
330 3142 429 3182 880.
465 3143 526 3182 131.
561 3144 634 3183 cst.
671 3142 910 3197 ὑπόγραμμα
943 3147 987 3185 et
1019 3142 1340 3198 ὀμματογράφος.

230 3209 296 3248 Fr.
330 3210 429 3249 884.
477 3211 747 3260 Φλεήσιον’
800 3212 843 3251 τὸ
883 3213 1077 3253 Φλιάσιον
1107 3213 1248 3253 πεδίον
1287 3214 1410 3254 Phot.
1445 3216 1491 3254 et
1526 3213 1601 3253 ΕΜ
1633 3212 1800 3253 omisso
1840 3213 1997 3263 poetae

285 3278 478 3326 nomine,
512 3281 774 3328 quapropter
807 3280 970 3320 Dobree
1003 3280 1043 3320 id
1076 3281 1129 3321 ad
1163 3282 1409 3330 proximam
1438 3281 1633 3331 glossam
1660 3280 1773 3330 apud
1789 3279 1996 3321 Photium
