2216 3522
1107 194 1190 234 128

267 320 333 359 Fr.
372 320 467 369 193,
502 322 541 359 3.
590 319 684 359 Non
730 318 950 368 persuasit
996 318 1107 358 mihi
1154 318 1276 358 Koek
1317 328 1395 368 pro
1435 315 1561 366 ἄλλως
1613 319 1833 361 coniciens
1878 316 2030 371 ἀλοῶν,

325 388 436 436 quod
484 386 597 427 nude
643 396 848 426 vorans
886 385 1134 436 significare
1174 396 1303 435 posse
1343 385 1528 426 minime
1564 388 1746 437 apparet
1775 397 1830 427 ex
1862 388 2027 428 Aristo·

324 455 494 505 phanee
525 451 649 493 ἀλοᾶν
680 451 748 500 τὰς
778 452 977 505 γνάθους,
1014 462 1095 493 nec
1126 453 1164 492 si
1196 455 1362 503 posset,
1397 454 1497 502 apte
1536 453 1703 494 dictum
1735 454 1865 505 foret,
1897 454 2027 504 siqui-

324 522 423 563 dem
455 531 584 562 nemo
611 531 705 571 pro
736 531 795 561 eo
828 521 967 570 quod
1000 522 1160 561 vorat
1193 521 1306 560 mori
1337 522 1455 560 reete
1488 521 1572 561 dici
1603 523 1761 571 potest.

267 591 333 630 Fr.
372 592 467 639 195,
501 591 540 629 4.
575 587 710 628 ἔσθειν
742 599 817 639 pro
849 587 949 640 ἔχειν
980 588 1169 629 fortasse
1200 590 1320 629 recte
1352 588 1416 629 Bl.

267 658 334 697 Fr.
370 658 470 706 200,
504 659 543 697 5.
591 657 686 696 Non
729 655 845 696 male
888 653 970 695 ἐπὶ
1011 658 1096 703 ταῖς
1137 656 1282 703 πύλαις
1313 656 1397 706 Bl.,
1430 656 1528 696 coll.
1562 657 1635 697 Ar.
1669 656 1743 706 Rq,
1781 656 1908 698 1368.
1941 656 2031 697 Aut

325 726 407 765 hoc
446 727 523 765 aut
563 723 704 763 Crusii
745 721 787 762 ἐν
824 725 906 770 τοῖς
946 720 1098 775 λιμέσιν
1140 721 1833 775 (0011.Η68.8.ν.ἒνλιμενίζειν)
1875 733 2030 764 verum

327 793 511 832 videtur.

267 860 333 899 Fr.
369 861 467 906 201,
507 861 546 899 2.
593 857 658 898 κεῖ
698 869 774 908 pro
820 856 846 910 ἣ
893 857 929 897 εἰ
973 860 1091 899 recte
1138 858 1368 899 Headlam.
1415 858 1476 899 De
1519 858 1602 899 hoc
1642 859 1739 915 loeo
1783 859 1837 899 cf.
1882 858 2032 900 Nauck

327 928 422 967 Mel.
455 927 511 966 VI
544 927 600 967 98
632 937 696 975 ες.

268 995 335 1034 Fr.
371 995 469 1043 203,
504 998 543 1034 4.
578 994 605 1035 l.
639 992 820 1045 ἐξηῦρον.

267 1063 333 1102 Fr.
369 1063 468 1112 204,
507 1064 541 1102 1.
576 1064 807 1112 παρασιτεῖν
840 1060 995 1101 Plauto
1027 1048 1096 1101 eet
1126 1061 1467 1112 parasitare.
1489 1084 1541 1091 —
1566 1061 1641 1102 Vs.
1675 1063 1715 1103 3.
1749 1076 1878 1114 τοιχος
1909 1061 2032 1110 (Nab.

325 1133 475 1181 χοῖρος,
515 1130 579 1170 Bl.
612 1131 778 1180 στοῖχος)
803 1129 969 1168 frustra
999 1128 1277 1179 sollicitatur,
1321 1139 1588 1178 quamquam
1620 1129 1763 1170 multo
1793 1130 1936 1180 aptior
1962 1131 2034 1175 ‚est

326 1197 483 1237 Naberi
514 1207 647 1246 quam
681 1196 901 1245 Blaydesii
928 1196 1189 1236 coniectura.
1218 1196 1301 1236 Sed
1327 1198 1504 1246 propter
1529 1207 1788 1247 praegressa
1812 1197 1869 1244 (2)
1903 1195 2036 1238 verba

324 1263 509 1316 ἀνδριάς,
538 1262 684 1304 ἀλέτων
711 1262 804 1310 ὄνος
833 1263 931 1303 vide
962 1274 1071 1303 num
1101 1263 1476 1313 transponendum
1508 1264 1586 1304 sit:

623 1334 820 1383 τοῖχος,
850 1329 1043 1381 ποτάμιος
1075 1329 1215 1380 ἵππος,
1246 1328 1267 1370 ὁ
1298 1330 1503 1371 Σελεύκου
1535 1330 1671 1384 τίγρις.

269 1401 336 1440 Fr.
370 1401 469 1440 205.
514 1399 760 1439 O.Crusius
800 1399 966 1438 tentat:
1009 1395 1083 1450 ἐγὼ
1125 1393 1163 1436 δ’
1198 1392 1366 1437 ἐπείνων
1407 1385 1860 1450 ἀσχολούμενοςλαλῶν
1884 1397 1893 1450 Ι
1919 1395 2037 1439 κάνέ-

327 1483 475 1519 κραγον
511 1466 585 1517 ,οὗ
618 1467 735 1506 δώσει
766 1481 823 1513 τις
854 1462 951 1516 ἡμῖν
983 1465 1161 1516 ματτύην
1174 1466 1213 1513 ;”
1247 1465 1342 1506 coll.
1375 1466 1428 1506 fr.
1463 1467 1563 1516 261,
1596 1467 1645 1506 ll
1666 1477 1730 1516 sq.
1764 1466 1854 1507 Nec
1883 1468 2034 1507 tamen

327 1535 471 1575 locum
504 1535 615 1575 satis
646 1534 865 1583 intellego.

269 1603 335 1642 Fr.
372 1603 472 1652 209,
507 1603 546 1642 7.
594 1601 637 1641 τὸ
679 1601 733 1652 μὴ
774 1599 980 1652 προσῆκόν
1021 1614 1089 1651 μοι
1129 1600 1335 1653 λαβεῐνς
1378 1601 1472 1641 scil.
1504 1599 1681 1641 ἀπέδοτε.
1714 1601 1898 1642 Temere
1926 1599 2036 1654 λάβω

328 1671 514 1710 coniecit
545 1670 684 1720 Kock,
718 1672 768 1710 ut
799 1669 904 1709 olim
937 1669 1102 1709 monui.

271 1738 337 1776 Fr.
372 1737 472 1787 210,
506 1739 546 1777 3.
580 1738 761 1787 Propter
792 1736 989 1785 Hilbergi
1021 1735 1164 1786 legem
1197 1736 1339 1776 scribe
1371 1734 1556 1776 ἐστκν>
1594 1736 1730 1789 γλυκύ.

271 1805 338 1844 Fr.
373 1806 472 1854 211,
507 1806 546 1844 2.
579 1804 778 1844 τούτων
809 1809 939 1855 τριῶν.
973 1803 1140 1844 Vitiose
1172 1805 1267 1844 sine
1299 1803 1496 1852 articulo.
1522 1804 1587 1844 Bl.
1616 1809 1714 1843 τῶν
1743 1808 1874 1855 γοῦν
1904 1808 2039 1856 τριῶν,

328 1872 404 1912 sed
448 1874 570 1912 vetat
610 1881 798 1921 sequens
829 1869 919 1918 ἑνός
950 1867 996 1924 γ’.
1029 1871 1143 1911 Num
1177 1872 1290 1911 forte
1326 1876 1423 1910 τῶν
1455 1869 1548 1924 γὰρ
1579 1871 1734 1922 τριῶνῖ
1771 1871 1855 1911 Sed
1885 1881 1942 1912 ne
1973 1871 2038 1912 sic

326 1940 500 1988 quidem
556 1940 855 1989 fragmentum
911 1941 1196 1989 pereanatum
1255 1938 1439 1978 videtur.
1497 1938 1721 1988 Quomodo
1767 1939 1887 1979 enim
1933 1947 2035 1979 oum

327 2006 506 2055 reliquis
539 2007 743 2046 cohaeret
772 2004 1060 2058 τούλάχιστονῗ

268 2074 336 2113 Fr.
370 2074 468 2123 213,
503 2076 542 2114 5.
584 2073 673 2112 λίαν
714 2076 931 2125 παρασχεῖν
972 2068 1154 2112 ἕστιῶνθ
1198 2070 1224 2111 ἃ
1256 2072 1321 2112 δεῖ
1345 2068 1438 2112 καθ’
1472 2071 1521 2111 ἓν
1552 2072 1632 2122 ΒΙ.,
1673 2071 1865 2123 probans
1905 2082 1972 2113 VS.
2006 2073 2034 2114 6

329 2142 623 2181 coniecturam
657 2151 803 2181 meam
835 2138 1000 2180 ἕκαστον
1032 2139 1140 2195 αὐτῷ
1171 2138 1444 2192 παρατιθέντα
1479 2139 1765 2192 <βρώματα>

270 2209 336 2248 Fr.
371 2208 470 2258 219,
505 2210 545 2249 2.
577 2203 655 2259 ἆρά
685 2204 716 2260 γ’
751 2203 872 2258 οἶσθ’,
903 2208 998 2249 coll.
1033 2209 1133 2259 220,
1171 2210 1238 2258 14,
1272 2208 1336 2249 Bl.
1368 2208 1491 2249 Idem
1525 2218 1589 2248 vs.
1618 2209 1644 2248 4
1671 2206 1799 2259 μόνον
1829 2206 1900 2248 vel
1928 2221 2036 2256 τινος
2097 2222 2100 2224 ·

327 2286 402 2325 pro
428 2275 542 2327 χάριν
569 2278 613 2316 et
645 2278 670 2316 5
698 2276 798 2316 fort.
826 2275 940 2327 χάριν
967 2286 1044 2326 pro
1072 2272 1195 2327 ὄνομ’.
1218 2276 1408 2326 Vulgata
1438 2286 1545 2316 sane
1575 2275 1706 2316 lectio
1732 2274 1932 2326 offendit,
1959 2274 2036 2316 sed

327 2343 525 2383 tentandi
551 2343 620 2383 ius
646 2343 810 2383 nemini
834 2346 903 2384 eet
933 2344 1018 2384 nisi
1049 2344 1090 2385 ei
1120 2344 1194 2394 qui
1224 2344 1472 2384 evidentius
1503 2343 1603 2393 quid
1635 2342 1875 2393 reppererit
1903 2351 2036 2392 quam

329 2409 432 2449 olim
465 2410 660 2460 Grotius,
693 2412 766 2459 qui
797 2411 955 2451 leniter
990 2413 1036 2451 et
1066 2411 1289 2461 eleganter
1319 2411 1505 2451 coniecit
1536 2409 1669 2462 χάριεν
1701 2409 1917 2462 διατριβῆς.

273 2477 339 2516 Fr.
373 2477 472 2527 220,
509 2480 529 2517 1
564 2488 656 2527 sqq.
689 2478 751 2518 Cf.
784 2479 834 2519 fr.
869 2479 938 2519 27.
974 2501 1027 2507 —
1062 2479 1135 2519 VS.
1169 2481 1209 2519 5.
1253 2479 1442 2527 Requiro
1483 2483 1563 2517 τῶν
1606 2478 1929 2530 Πυθαγοριστῶν
1958 2486 2036 2528 pro

333 2544 644 2597 Πυθαγορείων,
676 2555 760 2585 non
792 2546 911 2586 enim
944 2547 1088 2596 agitur
1119 2546 1172 2586 de
1207 2545 1483 2596 Pythagorae
1513 2544 1759 2596 discipulis,
1791 2544 1869 2585 sed
1899 2543 1953 2585 de
1982 2543 2038 2585 iis

330 2612 402 2659 qui
427 2612 831 2662 pythagoraeorum
858 2623 981 2654 more
1007 2614 1181 2663 vivunt,
1212 2616 1260 2653 ut
1286 2613 1374 2653 iam
1403 2612 1509 2653 olim
1535 2613 1699 2653 monui.
1721 2611 1782 2653 Cf.
1806 2622 1871 2653 vs.
1891 2613 1913 2652 1
1933 2613 1978 2653 et
1994 2611 2036 2654 7.

274 2678 341 2717 Fr.
377 2680 476 2729 222,
510 2681 536 2719 3
568 2691 632 2729 sq.
680 2679 793 2720 οἴνου
827 2702 880 2709 -
914 2678 1054 2732 ὀσμήν.
1102 2680 1167 2721 Bl.
1216 2681 1290 2721 eft.
1338 2679 1611 2720 Philemonis
1655 2679 1705 2720 fr.
1748 2679 1819 2729 98,
1863 2679 1904 2730 8,
1951 2688 2037 2729 quo

330 2746 624 2786 incredibilius
655 2751 724 2787 est
750 2758 851 2787 eum
879 2750 1053 2788 tentare
1079 2748 1275 2798 potuisse
1302 2746 1439 2799 ὕρχην.
1466 2768 1514 2775 -
1540 2746 1615 2787 Vs.
1648 2747 1689 2787 8.
1722 2745 1878 2787 Procul
1908 2745 2038 2800 dubio

331 2815 447 2853 reete
480 2814 676 2854 Meineke
707 2815 850 2855 deleto
882 2813 907 2866 ἢ
939 2815 1117 2865 scripsit
1153 2814 1382 2856 <εἰσ>ίδω.

276 2880 341 2919 Fr.
377 2882 549 2930 226,1.
583 2877 685 2935 ᾧνος
717 2882 814 2922 eine
847 2892 981 2922 causa
1011 2882 1075 2922 Bl.

278 2947 341 2985 }·r.
377 2948 474 2987 228.
522 2948 854 2989 Dubitabundue
896 2948 1069 2989 Nauck.
1113 2946 1192 2999 ἤδη
1233 2947 1308 3001 γὰρ
1350 2946 1474 2999 οὑμὸς
1505 2945 1675 2999 ἑσπέραν
1706 2945 1792 3000 ἄγει
1821 2946 2036 3000 filonem!

334 3014 438 3053 nihil
473 3025 634 3054 novare
665 3017 949 3065 praestiterit

276 3080 341 3119 Fr.
377 3082 473 3121 230.
512 3081 651 3131 ὅμοιον
682 3093 768 3123 non
803 3084 972 3125 videtur
1003 3083 1347 3124 sollicitandum.
1381 3083 1479 3133 Ipse
1512 3082 1634 3123 Kock
1666 3083 1725 3122 111
1760 3093 1799 3132 p.
1834 3082 1919 3124 748
1960 3080 2035 3123 ott.

335 3147 476 3197 Eurip.
512 3150 656 3199 Suppl.
695 3151 820 3191 1069.

276 3214 342 3253 Fr.
378 3216 476 3264 231,
502 3219 535 3255 1.
571 3216 618 3266 νὴ
644 3216 711 3256 τὸν
738 3218 816 3256 Δία
844 3221 960 3258 recte
986 3219 1141 3260 Naber.
1160 3224 1215 3248 ‘—
1236 3219 1308 3259 Vs.
1328 3222 1353 3259 4
1372 3222 1417 3259 et
1434 3221 1473 3259 5.
1492 3219 1554 3259 Cr.
1581 3218 1846 3269 Antiphanie
1862 3217 1914 3257 fr.
1936 3215 2033 3256 188.
