2216 3522
1077 218 1158 258 153

293 341 576 389 usurparunt,
604 342 649 380 et
676 342 750 380 vix
767 341 888 381 locus
904 344 972 381 est
997 343 1207 391 optativo.
1236 342 1328 381 Hoc
1346 351 1481 380 unum
1509 339 1700 389 ambigo,
1723 340 1870 377 utrum
1888 337 1993 376 δοκῶ

292 421 328 445 τι
368 417 419 446 eo
461 417 590 456 quem
626 408 817 448 indicavi
858 419 993 449 sensu
1024 409 1328 458 corrigendum
1360 409 1419 447 sit
1450 418 1504 446 an
1536 406 1639 454 δόξω
1670 421 1705 445 τι
1736 417 1836 446 cum
1868 406 1991 454 Blay·

293 474 432 523 desio,
481 475 595 524 quod
634 476 673 514 si
713 477 1067 527 praeferendum,
1109 479 1231 526 pater
1270 476 1512 515 nihildum
1543 474 1633 514 tale
1662 475 1885 522 innuerat,
1918 473 1993 512 sed

289 541 375 581 ‘filii
411 542 623 582 orationis
661 544 770 583 haec
810 546 879 583 est
917 544 1199 594 introductio,
1251 552 1412 592 proque
1443 552 1495 582 ea
1541 541 1806 581 correctione
1852 540 1994 589 magis

296 609 460 649 militat
489 611 652 650 tradita
682 611 824 651 lectio.

237 677 305 716 Fr.
339 677 409 727 95,
446 679 483 717 1.
516 677 679 728 κενοὺς,
709 679 1128 728 disappointed.
1161 678 1226 718 Bl.

237 743 306 783 Fr.
339 744 408 794 96,
444 745 484 784 2.
525 744 587 784 De
629 746 786 785 vocula
824 746 902 793 πάξ
943 756 1059 786 nunc
1099 746 1151 786 cf.
1195 746 1366 785 lexicon
1409 754 1558 784 meum
1600 742 1916 792 suppletorium
1950 744 1996 781 et

296 811 576 851 dialecticum
607 823 704 862 pag.
739 814 822 852 621
858 824 893 852 s.
928 824 968 853 v.

237 878 306 918 Fr.
342 880 440 919 103.
472 879 728 931 ἰσχυρότατον
759 883 927 921 temere
957 881 1021 921 Bl.
1055 881 1116 922 Cf.
1150 880 1284 920 Kock.

236 946 305 986 Fr.
341 947 438 995 105,
473 949 512 987 2.
546 946 804 1000 μετέστρεψεν
835 959 1012 989 mecum
1044 949 1175 988 idem.

236 1013 306 1054 Fr.
341 1014 438 1064 107,
472 1015 511 1054 2.
551 1013 713 1067 ἐγχέασα
757 1016 893 1066 idem,
927 1016 1024 1056 coll.
1056 1015 1275 1055 Xenarch.
1312 1015 1379 1063 10,
1417 1015 1453 1052 1.
1487 1012 1756 1052 Probabilius
1782 1011 1993 1065 Meineke‚

297 1079 448 1131 Cobet,
482 1083 605 1122 Kock
636 1081 851 1134 ὖποχὲασα.

235 1148 304 1188 Fr.
340 1149 424 1187 110
472 1151 647 1200 propter
692 1150 780 1201 βιοῖ
819 1161 895 1200 pro
937 1151 982 1204 ζῇ
1031 1151 1150 1190 recte
1190 1149 1423 1189 recentiori
1458 1149 1610 1197 poetae
1641 1146 1796 1186 tribuit
1826 1146 1994 1195 Nauck,

294 1217 519 1266 corrigens
551 1216 671 1268 ὅνπερ
702 1217 867 1268 αἱρεῖται
908 1220 953 1257 et
982 1218 1172 1257 fortasse
1203 1217 1293 1268 βίον
1327 1219 1417 1265 (pro
1448 1214 1609 1266 τρόπον)
1642 1224 1742 1254 cum
1774 1214 1997 1253 Menandri

296 1286 487 1324 monost.
521 1286 591 1324 65.

237 1351 306 1390 Fr.
343 1352 439 1391 112.
471 1352 536 1392 Bl.
577 1352 702 1408 καίρῳ
737 1352 951 1405 λεγόμενον
993 1354 1038 1392 et
1069 1363 1169 1392 cum
1196 1351 1408 1391 Meinekio
1438 1349 1591 1399 ψεῦδος
1622 1348 1676 1395 εἰς
1706 1346 1844 1401 κέρδος
1874 1346 1995 1399 φέρει.

299 1418 463 1459 Versus
494 1420 572 1459 vix
602 1420 825 1460 sanabilis.

238 1486 307 1526 Fr.
344 1486 441 1526 120.
474 1487 597 1527 Idem
628 1486 755 1534 ὕπνος
786 1483 875 1537 ἐστ’,
908 1497 992 1536 quo
1023 1497 1158 1526 sensu
1185 1486 1380 1535 quaeso?
1411 1485 1499 1524 Nec
1529 1485 1680 1523 tamen
1711 1483 1838 1532 plane
1868 1483 1995 1523 satis·

240 1581 249 1586 -
294 1553 462 1594 faciunt
491 1555 740 1604 propositae
772 1555 996 1603 hucusque
1028 1554 1317 1594 coniecturae.

239 1621 308 1661 Fr.
345 1622 442 1662 121.
474 1622 666 1662 Barbare
696 1622 761 1662 Bl.
796 1620 943 1661 διένεεν
975 1621 1051 1671 pro
1084 1619 1225 1660 διένειέ

238 1690 307 1729 Fr.
344 1690 441 1730 124.
474 1689 636 1730 Contra
666 1689 883 1730 Kockium
913 1691 1031 1729 recte
1062 1690 1213 1728 monet
1239 1688 1285 1728 Ο.
1304 1687 1483 1727 Crusius
1510 1696 1536 1726 a
1560 1686 1874 1726 recentioribus
1900 1695 1996 1725 con-

298 1757 421 1796 fundi
452 1758 646 1797 Hecaten
678 1760 723 1797 et
753 1758 955 1797 Dianam.

240 1823 309 1864 Fr.
345 1825 442 1874 126,
476 1825 516 1864 3.
549 1825 613 1864 Bl.
647 1826 721 1864 cft.
755 1822 971 1874 Theophr.
1005 1823 1131 1864 Char.
1165 1823 1279 1862 XVI.

239 1891 308 1931 Fr.
344 1891 440 1931 128.
473 1892 638 1932 Vocula
668 1890 733 1931 καὶ
766 1891 1012 1932 minoribus
1042 1891 1203 1930 litteris
1236 1889 1463 1930 scribenda
1494 1889 1664 1928 fuisset.

239 1958 309 1999 Fr.
347 1960 443 1999 133.
668 1958 816 2012 γαστὴρ
849 1958 943 1998 ὅλον
973 1957 1016 1998 τὸ
1048 1964 1175 2009 σῶμα,
1204 1963 1386 2011 πανταχῇ
1417 1954 1575 2007 βλέπων

665 2024 896 2076 ὀφθαλμός,
926 2024 1088 2077 ἕρπον
1119 2028 1228 2071 τοῖς
1261 2021 1450 2063 ὀδοῦσι
1481 2021 1644 2074 θηρίον.

299 2093 471 2133 Ultima
516 2094 648 2134 verba
693 2104 781 2134 non
821 2093 1046 2143 intellego,
1090 2102 1195 2132 nam
1239 2091 1309 2131 vel
1350 2090 1388 2129 si
1420 2090 1602 2139 cogitari
1632 2091 1782 2139 posset
1811 2089 2000 2128 bestia

301 2160 568 2200 dentibus
613 2171 829 2211 repens,
879 2171 965 2200 non
1014 2161 1139 2200 video
1186 2169 1269 2208 quo
1316 2160 1443 2208 pacto
1489 2168 1541 2197 ea
1582 2158 1727 2206 imago
1769 2156 2001 2196 conveniat

298 2228 517 2277 parasitis.
555 2227 693 2277 Quare
735 2228 883 2267 nullus
914 2227 1064 2267 dubito
1096 2227 1199 2276 quin
1232 2228 1480 2266 monstrum
1511 2226 1582 2265 hic
1612 2225 1771 2265 alatur.
1804 2223 2001 2273 Cogitavi

302 2295 355 2334 de
391 2296 639 2344 reponendo
670 2294 904 2345 ἔμπλεων
936 2292 1188 2344 ὀδόντων,
1218 2294 1293 2333 sed
1326 2293 1464 2332 nimia
1495 2303 1547 2332 ea
1577 2293 1687 2332 foret
1718 2292 1923 2341 mutatio,
1956 2293 2001 2331 et

303 2362 445 2411 magis
485 2363 620 2402 etiam
661 2363 854 2412 placeret
894 2362 1160 2402 dentibus
1195 2361 1464 2400 frendens
1496 2360 1726 2409 animal,
1761 2359 1874 2408 quod
1905 2368 1999 2398 con·

303 2430 471 2469 iectura
501 2429 737 2469 restituere
768 2440 948 2479 nequeo.

246 2497 313 2536 Fr.
351 2497 448 2545 134,
485 2497 521 2535 1.
554 2496 618 2536 ΒΙ.
659 2496 805 2549 (γὰρ)
843 2496 943 2536 ἔνιοι
973 2498 1051 2536 aut
1081 2494 1183 2534 ἔνιοί
1215 2502 1352 2546 <γε>.

250 2564 314 2603 Fr.
351 2564 448 2612 135,
482 2563 522 2603 2.
570 2563 834 2613 Suspectum
878 2564 1028 2615 πάσης,
1073 2573 1156 2612 quo
1203 2562 1346 2602 deleto
1393 2562 1457 2601 Bl.
1491 2572 1578 2602 non
1624 2561 1740 2602 male
1784 2561 1837 2601 ab
1877 2561 2002 2600 initio

305 2630 479 2680 supplet
510 2625 637 2678 οὗτος.
670 2631 820 2671 Possis
851 2632 986 2672 etiam
1018 2629 1064 2669 τὰ
1095 2626 1209 2681 πρῶτ’
1250 2627 1495 2676 <ἕκεῖνος>.

248 2698 315 2738 Fr.
352 2698 448 2747 138,
481 2699 518 2737 l.
551 2698 634 2738 Pro
661 2698 760 2738 διότι
791 2699 854 2738 Bl.
888 2699 954 2738 δεῖ
977 2697 1051 2750 γὰρ
1083 2697 1154 2737 vel
1185 2695 1259 2748 χρὴ
1291 2695 1365 2748 γὰρ
1396 2696 1467 2736 vel
1498 2695 1633 2748 χρεών.
