2216 3522
1063 215 1114 254 15

202 335 272 377 Fr.
305 339 376 388 64,
409 339 451 378 3.
493 333 541 376 ἵν’
586 335 712 376 ἐλάλει
753 338 976 378 Hermann
1020 337 1102 385 (ἴνα
1141 341 1239 394 λαλῇ
1271 340 1370 389 Bl.);
1404 340 1605 380 διαλαλεῖν
1636 341 1783 382 Cobet.
1815 346 1963 396 (μειρα-

262 403 383 444 κίοισι
413 407 546 444 λαλεῖν
576 405 670 450 BL).
702 405 979 445 Alterutrum
1009 406 1193 445 Dobraei
1226 408 1502 448 coniecturae
1532 409 1723 459 praefert
1751 410 1914 451 Nauck.

203 471 273 512 Fr.
299 473 387 516 465..
408 470 629 523 ἐμπολῆσαι
661 483 811 512 meum
843 473 999 522 probat
1030 473 1094 513 Bl.

202 540 272 580 Fr.
305 541 376 581 68.
409 541 448 580 2.
481 541 664 590 Propter
696 541 853 581 duram
885 542 1115 591 anapaesti
1145 542 1403 582 incisionem
1435 543 1501 583 Bl.
1530 543 1660 583 malit
1690 540 1765 583 οἴσ’
1800 544 1962 597 ἰσχάδας

261 622 328 659 μοι
373 606 448 647 κτὲ.
479 630 534 636 -
567 608 642 648 Vs.
677 609 702 647 3
748 609 921 659 requiro
967 608 1267 661 βαρβάρως,
1318 611 1419 658 quia
1460 610 1677 662 βαρβάροις
1718 613 1962 661 postularet

260 676 509 716 artIcqum.

200 743 270 783 Fr.
303 745 373 791 69,
401 745 442 783 4.
474 744 680 783 Fortasse
711 745 828 784 recte
850 744 914 784 Bl.
943 743 1008 792 [τί]
1027 743 1136 795 λάβω
1164 742 1325 795 κεράσαι
1351 755 1416 783 σοι
1441 743 1514 795 τὴν
1539 745 1797 797 κοτυλίσκην;
1825 747 1898 788 VS.
1918 750 1957 788 7.

260 810 382 862 μέλην
412 822 490 861 pro
521 809 621 862 ἐμὴν
652 811 809 852 Naber.

199 878 269 919 Fr.
302 879 373 929 70,
408 880 447 919 2.
488 878 714 918 παντάπασι
746 876 818 930 μὲν
848 873 923 918 οὖν
954 881 1223 921 coniunctim
1260 882 1304 920 et
1335 880 1496 929 raptim
1528 882 1801 930 pronuntiari
1832 886 1959 933 putat

257 947 343 997 BL,
390 947 539 996 itaque
583 947 687 987 ferri
731 958 861 996 posse
907 949 1138 997 anapaesti
1178 948 1457 996 incisionem;
1502 958 1565 987 vs.
1608 950 1634 988 4
1676 949 1806 989 malit
1845 951 1884 988 τί
1918 948 1954 990 δ’

243 1013 395 1060 ὀἴνους
425 1013 586 1066 τέτταρα
618 1018 693 1061 (so.
726 1012 838 1065 μέρη)
871 1016 1009 1065 recte,
1043 1026 1108 1054 VS.
1142 1017 1168 1055 5
1201 1015 1392 1064 probans
1423 1025 1572 1054 meum
1605 1012 1641 1054 6'
1676 1015 1765 1054 ἔδει.

198 1081 266 1122 Fr.
301 1083 357 1122 '70
389 1083 437 1122 Ο.
470 1082 654 1122 Crusius
686 1083 811 1129 (Mus
843 1082 924 1121 Rh.
960 1083 1030 1132 42,
1067 1083 1150 1122 199
1182 1087 1262 1132 sq.)
1294 1082 1358 1121 sic
1390 1081 1601 1131 disponit:

672 1148 832 1202 ἄνδρες,
863 1149 1047 1202 πρόσχετε
1077 1149 1146 1189 τὸν
1177 1155 1279 1189 νοῦν
1310 1179 1446 1198 ψυ-

671 1248 757 1266 uu
787 1215 1020 1269 ἐξευρήματι
1050 1223 1176 1272 καινῷ

671 1284 937 1335 συμπτύκτοις
968 1283 1240 1331 ἀναπαίστοις.

197 1352 266 1393 Fr.
300 1353 357 1392 80
389 1354 430 1393 4.
463 1350 724 1404 κᾶμπέπρησο
757 1353 925 1392 Kaibel.

197 1419 266 1460 Fr.
299 1421 369 1470 81,
411 1421 447 1460 1.
503 1421 656 1461 Deleto
711 1431 887 1461 mecum
943 1419 1182 1471 τριωβόλου,
1237 1420 1360 1459 Kock
1415 1421 1526 1460 coni.
1582 1421 1837 1472 κραπατάλου
1889 1421 1955 1460 καὶ

254 1488 487 1537 ψωθίας,
524 1490 664 1538 recte,
707 1489 837 1528 modo
878 1488 1097 1528 scribatur
1137 1487 1371 1538 ψωθίου,
1401 1488 1705 1528 nominativus
1736 1490 1854 1528 enim
1886 1494 1954 1530 cst

252 1555 418 1605 ψωθίον
436 1572 491 1588 =
509 1557 720 1608 ψαθύριον
753 1557 869 1596 teste
900 1556 1141 1595 Athenaeo.

195 1623 266 1664 Fr.
300 1625 371 1675 95,
406 1625 446 1664 3.
479 1623 759 1677 ἐγχαρυβδίσαι
791 1623 978 1664 coniecit
1008 1623 1142 1662 Platt.

195 1691 264 1731 Fr.
300 1692 371 1731 96.
1070 1693 1151 1737 τοῖς
1183 1688 1226 1728 δὲ
1255 1692 1406 1742 κριταῖς

755 1762 836 1806 τοῖς
867 1756 961 1798 νυνὶ
990 1757 1238 1810 κρίνουσι
1268 1755 1386 1810 λέγω,

757 1823 850 1878 μηδ’
887 1825 1085 1878 ἐπιορκεῖν
1115 1821 1210 1876 μηδ’
1244 1823 1391 1872 ἀδίκως

754 1894 904 1945 κρίνειν
935 1892 1009 1933 κτὲ.

251 1962 482 2002 Manifesto
539 1963 762 2002 sententia
812 1962 1008 2012 postulat
1051 1961 1251 2000 futurum
1296 1965 1562 2013 κρινοῦσι,
1608 1970 1713 2000 nam
1759 1963 1950 2010 peractis

251 2030 430 2070 demum
462 2030 622 2070 fabulis
653 2029 785 2070 fiebat
823 2029 1048 2070 iudicium.
1085 2028 1147 2068 De
1178 2029 1374 2068 numeris
1407 2028 1460 2068 cf.
1492 2039 1533 2068 v.
1568 2039 1603 2068 c.
1635 2028 1687 2067 fr.
1720 2029 1787 2078 13,
1819 2030 1856 2068 1.
1888 2029 1950 2068 De

251 2099 473 2138 sententia
503 2098 568 2138 Bl.
599 2100 826 2147 praeterea
858 2097 932 2137 cft.
960 2097 1070 2136 Nub.
1107 2097 1219 2136 1115
1252 2098 1296 2136 et
1326 2097 1408 2136 Av.
1445 2097 1552 2135 1101
1589 2106 1653 2144 sq.

194 2166 261 2207 Fr.
298 2167 395 2216 101,
430 2167 469 2206 2.
503 2163 630 2217 ἐγχέαι
661 2167 707 2205 et
735 2175 912 2205 mecum
944 2164 1072 2216 μύρον
1103 2164 1168 2203 Bl.

192 2234 261 2274 Fr.
297 2235 394 2274 104.
427 2234 609 2273 Temere
641 2233 704 2273 Bl.
738 2231 883 2271 ἔδωκεν
914 2242 991 2282 pro
1022 2232 1262 2271 sanissimo
1293 2229 1476 2281 ἔφασκεν.

192 2302 260 2341 Fr.
296 2302 392 2351 108,
428 2302 467 2341 2.
515 2301 768 2349 Improbata
812 2309 914 2339 mea
959 2299 1212 2339 coniectura
1263 2296 1480 2350 ἠρτυμένα,
1529 2309 1663 2347 quam
1709 2309 1816 2338 sane
1861 2309 1947 2338 non

251 2378 400 2419 urgeo,
444 2369 537 2417 ipse
578 2367 699 2407 Kock
739 2367 874 2406 nimis
914 2365 1182 2406 confidenter
1222 2367 1395 2415 reponit
1429 2364 1660 2420 ᾠκισμένοις
1692 2368 1951 2415 (praestaret

250 2436 410 2476 saltem
450 2433 700 2486 οἰκουμένοις
741 2435 819 2473 aut
858 2431 1105 2487 ᾠκημένοις),
1138 2444 1224 2473 non
1255 2435 1466 2483 reputans
1496 2433 1659 2482 requiri
1690 2435 1807 2473 certe
1838 2434 1950 2482 quod

249 2505 350 2553 apte
380 2503 588 2553 iungatur
626 2512 727 2542 cum
767 2506 863 2539 πᾶσι
894 2499 1073 2552 τρόποις,
1104 2511 1214 2550 quae
1245 2511 1316 2540 res
1346 2501 1509 2550 premit
1540 2501 1674 2540 etiam
1707 2501 1947 2541 violentam

249 2571 470 2620 Blaydesii
512 2569 803 2609 mutationem
843 2566 885 2606 ἐν
916 2573 1012 2606 πᾶσι
1043 2563 1080 2606 δ’
1117 2590 1167 2595 -
1200 2566 1296 2614 ἔζων
1335 2566 1429 2606 τότε.
1471 2568 1605 2607 Recte
1645 2570 1796 2607 tamen
1837 2567 1948 2607 vidit

248 2636 447 2690 ἠρτυμένα
478 2637 594 2677 male
623 2636 745 2685 iungi
777 2646 876 2675 cum
910 2634 1054 2675 verbis
1080 2633 1122 2674 ἐν
1152 2640 1274 2674 πᾶσιν
1300 2632 1482 2687 ἀγαθοῖς.
1514 2635 1644 2675 Venit
1669 2635 1713 2674 in
1730 2636 1945 2674 mentem:

513 2702 597 2743 καὶ
628 2709 751 2742 πᾶσιν
781 2700 953 2754 ἀγαθοῖς
985 2700 1103 2740 παντὶ
1136 2702 1267 2757 τρόπῳ
1298 2698 1606 2753 ἡρμοσμένα

248 2774 303 2814 et
334 2783 456 2813 cum
498 2771 757 2812 omnibus
804 2770 971 2810 rebus
1016 2770 1193 2809 laetis
1240 2770 1387 2809 omni
1429 2769 1587 2809 modo
1640 2770 1946 2809 coniuncta

244 2851 322 2891 pro
353 2839 371 2880 ἐ
383 2855 405 2878 ν
439 2862 491 2867 -
524 2836 858 2891 εἰργασμένα.
891 2859 939 2864 ·-
960 2837 1034 2877 Vs.
1070 2839 1109 2877 5.
1143 2838 1347 2877 Fortasse
1378 2838 1496 2876 recte
1528 2836 1592 2875 Bl.
1621 2835 1779 2875 αὐταῖσι
1810 2835 1945 2886 μυστί-

244 2910 350 2947 λαισι
379 2905 446 2947 καὶ
477 2912 633 2946 ναστῶν
663 2911 797 2960 τρυφῇ
828 2908 919 2955 (pro
950 2905 1110 2956 τρύφη),
1145 2904 1241 2944 coll.
1269 2904 1320 2943 fr.
1348 2904 1445 2953 130,
1476 2905 1514 2943 7.
1535 2925 1587 2931 —
1606 2903 1680 2943 VS.
1704 2904 1745 2943 6.
1774 2903 1945 2942 Kaibeli

244 2977 355 3017 coni.
401 2974 670 3026 ιιαύτομοίτοκςι
705 2983 792 3014 non
833 2972 1055 3022 intellego.
1090 2994 1143 3000 —
1171 2972 1245 3010 Vs.
1280 2971 1366 3011 859
1408 2972 1537 3010 teneo
1567 2972 1764 3010 veterem
1795 2980 1944 3009 meam

245 3044 355 3084 coni.
389 3042 625 3090 σίζοντες
657 3045 747 3091 (pro
779 3038 942 3088 ζέοντες)
974 3038 1177 3079 ἀλλάντων
1203 3038 1313 3089 τόμοι
1341 3037 1347 3090 Ι
1375 3036 1483 3089 παρὰ
1512 3040 1594 3085 τοῖς
1624 3041 1944 3087 ποταμοῖσιν

245 3107 523 3163 ἐξεκέχυντ’
569 3114 658 3160 (pro
693 3123 734 3148 π.
764 3123 795 3147 τ.
827 3110 1019 3158 ποταμοῖς
1051 3103 1188 3154 σίζοντ’
1225 3102 1408 3157 ἐκέχυντ’)
1442 3101 1522 3144 ἀντ’
1563 3102 1765 3156 ὀστράκων
1801 3107 1846 3144 et
1876 3114 1940 3142 VS.

247 3179 300 3218 12
326 3174 510 3231 ἐγχελύδί
544 3174 861 3230 ἐγκεκαλυμμένοι
887 3186 964 3225 pro
991 3173 1157 3227 ἐγχέλεια
1190 3185 1299 3226 συγκ.
1319 3195 1372 3201 -
1390 3173 1465 3213 VS.
1502 3173 1555 3212 18
1587 3183 1673 3213 non
1705 3172 1941 3212 admodum

243 3246 401 3287 haereo
442 3246 488 3285 in
519 3242 870 3295 κατανενιμμένος,
908 3253 985 3293 pro
1017 3253 1102 3291 quo
1134 3242 1199 3281 Bl.
1231 3237 1568 3291 καταδεδευμένος
1601 3241 1677 3279 aut
1708 3238 1941 3290 καταβεβρε-
