2216 3522
1068 214 1149 254 145

225 341 293 380 Fr.
325 341 396 390 91,
430 341 469 380 2.
518 339 603 380 Cur
643 339 880 379 Christiani
921 338 1246 388 interpolatoris
1287 349 1384 378 esse
1425 340 1620 389 putaret,
1663 341 1821 381 vellem
1863 344 1983 384 Kock

251 405 254 406 ⁷
284 408 561 457 explicasset.
596 429 645 434 —
683 407 757 447 Vs.
795 408 861 446 10.
894 395 1003 445 πάντ’
1041 404 1270 445 ἐπισκοπῶν
1301 406 1365 446 Bl.
1399 416 1486 446 non
1519 407 1648 447 male.

169 494 172 496 ·
226 476 295 515 Fr.
328 476 397 524 92,
435 477 472 515 1.
521 475 704 515 Monost.
732 475 831 523 7351
877 474 951 514 cft.
994 473 1058 513 Bl.
1094 496 1147 502 -
1186 473 1260 513 Vs.
1294 475 1335 513 4.
1378 474 1588 525 συμφοράς
1629 477 1746 516 recte
1777 477 1894 517 Ellis.
1931 501 1983 507 —

284 539 359 582 Vs.
394 530 580 592 &Lege
612 540 779 594 ηὑρέθη.
815 564 867 570 -
900 541 973 581 Vs.
1010 543 1048 581 7.
1080 539 1106 593 ἢ
1137 543 1321 581 πλουτεῖν
1351 539 1458 581 θέλω
1490 543 1769 602 probabiliter
1800 546 1985 596 Madvig.

229 611 297 651 Fr.
330 611 400 661 93,
434 611 459 650 3
492 612 536 650 et
567 611 594 649 4
626 605 713 649 οὐδ’
737 606 898 648 -οὐδ’
940 609 1005 648 Bl.
1028 609 1172 649 —Vs.
1206 610 1246 649 9.
1280 607 1501 661 ἔκγόνοισιν
1533 621 1608 660 pro
1636 609 1857 663 ἕγγόνοισιν
1892 615 1986 654 sine

286 689 418 718 causa
459 679 653 718 Meineke
695 680 740 718 et
779 678 915 718 Kock.
949 678 1044 717 Non
1077 677 1162 717 nisi
1194 677 1506 727 orthographia
1537 678 1646 718 haec
1676 680 1887 720 vocabula
1917 682 1990 721 dif-

286 747 445 787 ferunt.
495 746 555 787 Of.
594 741 838 785 Meisterh.³
873 756 968 794 pag.
1007 746 1087 784 107
1108 745 1146 784 b.
1182 745 1349 784 Ibidem
1383 744 1565 788 <κ>οὐκ
1597 746 1737 796 Kock,
1772 744 1859 786 οὐδ’
1906 749 1990 799 BL,

287 814 361 862 qui
389 813 506 854 male
538 813 763 853 oblitterat
798 812 1096 852 necessarium
1129 813 1374 860 asyndeton
1407 812 1634 852 scribendo
1667 811 1866 865 ἕκγόνοισί
1892 812 1933 854 τ’.

230 882 299 923 Fr.
332 883 402 931 94,
437 883 477 922 8.
509 882 573 921 Bl.
609 882 683 920 cft.
717 881 875 924 Aescb.
910 881 990 928 Ag.
1026 880 1125 919 788.

231 949 300 989 Fr.
333 950 403 988 95.
450 949 546 988 102.
596 949 840 987 109—116.
888 947 1135 986 127-129.
1184 947 1280 986 140.
1328 948 1424 987 141.
1476 948 1572 987 147.
1610 949 1856 989 164-180.
1894 951 1990 990 186.

295 1017 391 1056 187.
435 1016 668 1056 205-207
717 1015 855 1064 petita
897 1024 953 1053 ex
995 1013 1141 1062 comp.
1186 1013 1294 1053 Men.
1338 1015 1383 1053 et
1420 1014 1530 1054 Phil.
1563 1017 1606 1054 et
1639 1015 1849 1055 Distichis
1879 1017 1992 1056 Pari·

290 1084 400 1123 sinis
446 1083 691 1122 Philemoni
738 1082 902 1131 optimo
942 1082 1036 1120 iure
1083 1081 1348 1120 abiudicavit
1388 1082 1538 1121 Nauck
1581 1083 1676 1122 Mel.
1719 1084 1778 1122 VI
1809 1095 1847 1133 p.
1895 1085 1991 1124 106.

291 1151 475 1190 Serioris
516 1150 696 1199 originis
736 1149 904 1199 passim
945 1149 1101 1188 extant
1132 1149 1176 1187 in
1207 1149 1261 1187 iis
1293 1149 1471 1198 indicia,
1505 1149 1626 1189 velut
1658 1151 1726 1200 95,
1762 1151 1787 1190 2
1820 1149 1993 1202 ἐγενήθη

292 1228 367 1268 pro
407 1216 557 1270 ἐγένετο
599 1219 644 1257 et
679 1218 776 1266 167,
811 1218 835 1255 2
868 1219 1064 1271 γενηθῇς,
1097 1217 1165 1266 99,
1206 1217 1230 1255 2
1264 1227 1327 1265 sq.
1361 1210 1417 1255 ὧν
1449 1213 1520 1266 μὲν
1554 1239 1607 1245 —-
1641 1211 1698 1256 ὧν
1730 1216 1772 1256 δὲ
1805 1229 1882 1267 pro
1915 1225 1994 1257 τῶν

293 1282 365 1336 μὲν
399 1308 451 1314 -
478 1291 556 1324 τῶν
589 1282 650 1335 δὲ,
683 1294 837 1324 versus
863 1284 1030 1333 politici
1058 1284 1102 1322 in
1132 1284 1228 1337 109,
1257 1279 1368 1322 οἶκον
1395 1294 1471 1332 pro
1505 1282 1636 1322 οἰκίαν
1672 1286 1767 1335 114,
1803 1287 1827 1324 3
1865 1288 1909 1326 et
1939 1286 1994 1333 εἰς

293 1363 371 1402 pro
416 1351 515 1404 πρὸς
563 1353 632 1392 vel
678 1349 749 1401 ὡς,
803 1352 900 1401 116,
948 1352 974 1390 4
1015 1350 1171 1390 πλεύσω
1219 1362 1296 1400 pro
1338 1351 1580 1401 πλεύσομαι,
1625 1353 1720 1400 170,
1770 1354 1789 1392 1
1836 1352 1993 1405 σαπρὰν

294 1421 460 1460 dictum
486 1430 563 1469 pro
590 1418 774 1471 αἰσχράν,
806 1429 905 1458 cum
937 1418 1132 1467 antiquis
1163 1419 1223 1457 sit
1253 1419 1522 1468 vetulam,
1561 1421 1656 1470 174,
1691 1422 1715 1459 2
1749 1419 1900 1460 ἕλκύσει
1916 1433 1994 1471 pro

295 1485 393 1534 ἕλξει
424 1489 505 1527 etc.
540 1489 622 1526 etc.

238 1556 305 1594 Fr.
339 1555 408 1604 96,
444 1556 469 1594 5
502 1565 565 1603 Sq.
613 1555 727 1594 Olim
769 1554 994 1603 proposui:
1038 1551 1131 1592 νυνὶ
1172 1550 1214 1592 ὁὲ
1257 1551 1499 1604 διαφέροντε
1535 1557 1615 1601 τοῖς
1655 1551 1746 1593 καθ’
1791 1552 1941 1607 ἡμέραν
1985 1554 1992 1612 Ι

291 1620 576 1672 δαπανήμασιν
610 1620 659 1670 δὴ
691 1619 753 1660 τὼ
785 1621 879 1673 βίω
908 1617 1057 1671 ’σορῶ
1090 1619 1216 1671 μόνον
1249 1619 1400 1670 (μόνοις
1413 1622 1471 1669 ‘?);
1506 1621 1568 1660 Bl.
1602 1622 1744 1662 deleto
1777 1621 1826 1673 δὴ
1855 1625 1993 1663 trans-

293 1689 417 1739 ponit
447 1687 516 1727 τὸν
548 1688 638 1741 βίον
672 1685 750 1740 ὁρῶ
789 1688 1017 1729 <τούτων>
1055 1687 1207 1738 μόνον,
1245 1688 1319 1736 qui
1350 1698 1415 1728 vs.
1446 1690 1468 1728 7
1499 1699 1584 1728 non
1610 1689 1726 1728 male
1752 1700 1827 1738 pro
1854 1691 1994 1740 priore

293 1756 473 1807 μείζονας
507 1756 692 1805 requirit
722 1756 950 1802 πλουσίους.
983 1756 1138 1795 Kockii
1168 1754 1353 1802 πλείονας
1383 1757 1499 1795 iusto
1532 1756 1759 1796 obscurius
1790 1759 1870 1797 est.

236 1824 304 1863 Fr.
337 1824 407 1874 98,
436 1824 475 1863 7.
508 1822 795 1874 κατισχναίνων
827 1823 892 1863 Bl.
921 1823 1015 1862 sine
1048 1833 1180 1862 causa
1211 1823 1378 1862 idonea.
1413 1823 1496 1862 Sed
1527 1824 1618 1863 iure
1650 1835 1715 1863 vs.
1744 1827 1769 1865 6
1802 1826 1996 1874 postulat

50 1916 79 1928 -
290 1891 478 1931 formam
528 1891 712 1930 atticam
754 1889 1009 1942 ἀσφάραγον,
1048 1892 1272 1930 servatam
1314 1892 1479 1940 quater,
1524 1893 1773 1940 corruptam
1810 1894 1889 1932 ter.
1933 1892 1993 1932 Cf.

123 1997 180 2020 ἢ,
256 2002 260 2008 Δ
293 1959 455 1998 Iacobii
488 1959 638 1998 Index.

148 2061 159 2074 ,
231 2027 300 2066 Fr.
333 2027 404 2075 99,
438 2027 477 2066 7.
513 2025 765 2075 δυσδαίμονα
797 2025 1100 2075 Halbertsma,
1135 2024 1409 2074 improbante
1451 2025 1514 2064 Bl.
1548 2036 1587 2074 p.
1622 2026 1722 2065 339.

133 2094 181 2110 ‘²²'
231 2082 301 2134 Fr.
340 2095 436 2144 100,
471 2095 510 2134 2.
538 2094 793 2134 Lectionem
826 2091 1004 2145 προσιὼν
1036 2094 1154 2132 recte
1185 2093 1376 2142 praefert
1409 2092 1472 2132 Bl.

234 2162 302 2201 Fr.
339 2162 435 2211 101,
470 2163 510 2201 3.
545 2161 850 2201 Coniecturam
882 2171 1028 2200 meam
1061 2160 1215 2209 probat
1245 2159 1309 2199 Bl.
1343 2159 1416 2199 Vs,
1451 2161 1477 2198 4
1509 2161 1626 2199 recte
1658 2160 1739 2200 del.
1772 2161 1906 2200 Kock.

235 2229 303 2269 Fr.
335 2229 430 2278 103,
466 2229 490 2267 3
510 2227 735 2280 λέγειντε
762 2226 828 2266 καὶ
854 2226 1015 2267 ἀκούειν
1041 2228 1206 2267 frustra
1232 2227 1505 2276 sollicitatur,
1533 2229 1582 2266 ut
1608 2228 1713 2267 olim
1740 2239 1820 2277 ego
1847 2229 1998 2268 monui

295 2297 339 2335 et
369 2306 487 2335 nunc
518 2295 602 2344 BL,
637 2295 709 2343 qui
742 2305 806 2334 vs.
840 2296 866 2334 4
899 2296 1045 2334 tentat
1076 2297 1244 2345 θεωρεῖν
1276 2291 1343 2332 καὶ
1379 2297 1636 2336 <σκοπεῐν>.

36 2319 304 2446 ssiu
342 2362 439 2406 104,
478 2362 513 2401 1.
547 2362 757 2411 Proposui
785 2362 1002 2410 quondam
1024 2357 1126 2399 ’στιν
1153 2354 1196 2399 εὖ
1224 2361 1317 2411 ζῆν,
1342 2361 1455 2400 Weil
1480 2357 1579 2399 τοῦτ’
1600 2358 1644 2400 ἔτ’
1675 2360 1833 2401 εἰδέναι.
1861 2363 1998 2402 Hodie

296 2427 338 2468 τὸ
370 2429 556 2478 iungens
584 2439 683 2468 cum
711 2426 876 2479 εἰδέναι,
901 2429 971 2479 ζῆν
998 2429 1289 2477 praegnanter
1320 2428 1486 2467 dictum
1518 2430 1622 2477 puto
1654 2439 1730 2478 pro
1762 2422 1805 2467 εὖ
1837 2429 1927 2479 ζῆν,
1953 2430 2000 2468 ut

296 2495 413 2535 alibi.
448 2495 602 2535 Verte:
637 2495 724 2535 cui
756 2506 860 2535 non
893 2497 979 2535 est
1010 2505 1180 2535 verae
1214 2496 1369 2535 vitae
1402 2496 1667 2535 scientia.

237 2563 305 2602 Fr.
349 2563 445 2611 105,
488 2564 527 2601 ὃ.
577 2563 742 2602 Iniuria
788 2563 850 2602 Bl.
900 2563 1091 2612 praefert
1137 2562 1342 2612 Diogenis
1390 2564 1434 2602 et
1481 2562 1719 2602 Clementis
1764 2563 1998 2603 lectionem

295 2626 462 2682 χρήσιμ’,
504 2640 606 2669 nam
648 2630 787 2670 multo
830 2631 1114 2670 verisimilius
1153 2632 1220 2670 est
1252 2630 1294 2669 id
1326 2640 1402 2679 pro
1434 2631 1596 2669 rariore
1628 2626 1753 2668 εὔθετ’
1790 2630 1997 2670 substitu-

296 2700 394 2737 tum
425 2707 522 2736 esse
555 2707 685 2745 quam
718 2698 894 2737 inversa
925 2698 1106 2737 ratione.

238 2765 305 2804 Fr.
343 2764 439 2803 106.
473 2765 512 2803 5.
546 2765 677 2813 μεῖζον
710 2765 910 2815 Nauckii,
943 2775 1030 2805 non
1063 2765 1302 2814 Blaydesii,
1337 2767 1405 2804 est
1437 2765 1658 2804 correctio.

242 2832 310 2870 Fr.
347 2831 443 2879 107,
479 2832 518 2870 5.
551 2832 589 2870 A
627 2830 712 2870 fine
749 2830 906 2882 τρέφειν
937 2834 1013 2872 aut
1045 2829 1109 2870 ἀεί
1137 2832 1310 2881 supplet
1341 2832 1404 2871 Bl.
1439 2831 1721 2871 Coniecturae
1752 2837 1830 2870 τῶν
1861 2829 2000 2871 ἑκατὸν

301 2897 511 2949 τούβολοῦ.

243 2965 310 3004 Fr.
348 2965 444 3014 108,
480 2965 518 3004 2.
552 2958 576 3015 ἦ
609 2975 686 3014 pro
718 2963 743 3017 ἢ
776 2969 892 3006 recte
924 2966 987 3007 Bl.

244 3033 311 3072 Fr.
349 3033 444 3071 109.
478 3032 541 3071 Bl.
574 3034 674 3080 post
700 3043 770 3072 me
797 3048 866 3073 του
893 3034 1032 3083 φίλου,
1050 3034 1263 3080 Headlam
1290 3047 1359 3072 του
1383 3032 1522 3082 φίλων.
1545 3055 1600 3059 —
1618 3033 1692 3073 VS.
1712 3036 1751 3074 3.
1788 3033 1905 3085 τήνδε
1931 3033 2003 3084 τὴν

302 3099 418 3139 πόλιν
459 3097 551 3153 λέγῃ
593 3099 735 3139 Naber
776 3101 916 3140 multo
959 3101 1118 3140 melius
1159 3110 1290 3148 quam
1332 3098 1404 3150 τὴν
1445 3100 1562 3139 πόλιν
1603 3098 1748 3140 ἑαυτοῦ
1789 3099 1881 3155 λέγῃ
1917 3102 2002 3150 Bl.,

303 3176 413 3215 quae
444 3166 604 3206 vitioso
636 3167 725 3206 ictu
757 3169 800 3206 et
834 3168 993 3207 vitioso
1025 3177 1227 3207 sermone
1255 3171 1346 3215 (pro
1373 3165 1443 3216 τὴν
1471 3165 1615 3206 ἑαυτοῦ
1640 3167 1771 3212 πόλιν)
1798 3169 2003 3208 damnan-

303 3237 386 3274 tur.
414 3233 618 3273 Ceterum
645 3234 890 3274 rectissime
918 3235 1057 3274 Kock:
1090 3235 1221 3283 „talia
1248 3234 1481 3273 emendare
1508 3235 1616 3274 nihil
1644 3235 1759 3274 aliud
1789 3237 1857 3275 est
1873 3245 2002 3283 quam

1831 3306 1865 3333 ιο
