2216 3522
1126 219 1206 258 114

344 348 391 386 ln
418 357 483 387 vs.
503 346 660 387 ultimo
686 355 772 385 non
799 344 932 395 probo
949 343 1099 384 Cobeti
1116 343 1417 384 coniecturam
1433 347 1575 382 τοῦτον
1591 341 1752 383 διδόναι
1768 340 1902 394 νόμιζε
1917 356 1948 382 τ.
1964 343 2049 382 ml.

285 414 353 455 Fr.
388 414 458 463 21,
492 415 532 454 2.
566 408 688 465 φράζ’
725 411 783 451 ὅτι
816 411 971 452 malim
1003 421 1105 452 cum
1138 410 1202 451 Bl.
1238 433 1291 439 —
1325 410 1399 451 Vs.
1433 412 1474 452 8.

641 483 687 519 A.
720 479 839 531 ἰχθῦς
871 483 1145 531 φρονοῦντας,
1176 473 1207 518 ὦ
1237 478 1377 530 πάτερ,
1407 477 1463 530 μή
1495 493 1562 529 μοι
1594 476 1738 531 βρέφη.

640 549 682 587 Β.
714 546 789 587 οὐκ
821 542 925 586 οἷσθ’
960 545 1038 586 ὅτι
1071 544 1362 599 τάργύριον
1394 541 1465 586 ἐστ’
1501 545 1732 599 ἰσάργυρον.

342 617 480 667 Kock,
525 616 759 666 plaudente
791 615 871 665 BL,
910 615 1094 655 coniecit
1126 611 1211 665 ὁτιὴ
1243 613 1480 666 τούψάριον,
1509 624 1620 664 quae
1655 614 1786 655 lectio
1816 613 1929 654 mihi
1958 613 2049 665 qui·

341 686 442 726 dem
472 685 613 735 placet
646 683 938 732 mediocriter,
966 684 1012 722 et
1041 682 1156 732 quod
1187 683 1371 732 excepto
1403 682 1703 723 Mnesimacho
1740 681 1911 722 nullum
1946 680 2052 722 novi

341 752 559 793 comicum
602 751 675 801 qui
707 748 812 800 ὁτιή,
843 750 955 799 quod
996 750 1126 800 quia
1160 749 1409 799 significare
1441 749 1626 800 assolet,
1660 758 1738 799 pro
1767 747 1960 796 (tradito)
1991 746 2052 788 ὅτι

343 820 588 870 usurpavit,
617 820 661 858 et
686 818 799 868 quod
826 818 870 858 in
897 827 1108 867 responso
1132 816 1594 867 fueratindicandum,
1621 818 1773 856 utrum
1797 814 2049 864 obsonium,

343 888 532 927 maiores
559 897 614 926 an
643 886 803 926 minuti
827 886 989 936 pisces,
1018 886 1200 935 argento
1227 886 1382 925 contra
1407 894 1559 924 carum
1585 893 1684 925 esse
1710 883 1850 924 altera
1865 892 2052 934 persona

342 955 519 995 diceret.
562 954 671 1005 Quia
712 955 860 994 autem
902 950 1115 1005 τάργύριον
1147 952 1386 992 manifesta
1416 951 1713 1002 dittographia
1743 952 1900 992 natum
1929 952 1999 992 est
2026 962 2051 992 e

342 1022 540 1071 sequenti
573 1021 803 1073 ἰσάργυρον,
831 1030 919 1061 non
944 1020 1076 1060 anxie
1102 1020 1173 1060 hic
1198 1019 1459 1070 respiciendi
1483 1020 1589 1059 sunt
1614 1018 1863 1059 litterarum
1891 1017 2052 1070 apices.

343 1089 638 1139 Expectabam
672 1089 839 1139 potius:

642 1155 716 1196 οὐκ
748 1151 852 1195 οἷσθ’
886 1154 962 1195 ὅτι
994 1149 1195 1206 τοῦψόν
1226 1151 1297 1195 ἔστ’
1342 1151 1533 1195 dudd>
1569 1153 1808 1208 ἰσάργυρονς

343 1223 417 1264 VS.
451 1224 491 1264 2.
522 1223 633 1264 Cum
666 1223 730 1264 Bl.
764 1224 916 1263 malim
950 1220 1070 1273 φράζ’
1108 1222 1130 1263 ὅ
1160 1238 1206 1262 τι.
1272 1269 1274 1272 Ι

287 1292 351 1331 Fr.
380 1293 449 1341 22,
479 1292 518 1331 2.
546 1291 607 1332 De
634 1292 959 1331 constructione
985 1291 1050 1332 Bi.
1077 1292 1151 1331 cft.
1180 1292 1254 1332 Ar.
1284 1291 1391 1332 Ach.
1419 1291 1504 1332 301
1533 1294 1578 1331 et
1603 1289 1959 1331 Alexid.111471
1978 1289 2049 1340 M„

342 1369 406 1399 νε.
440 1360 466 1399 3
498 1361 616 1399 recte
648 1359 832 1409 probata
863 1359 1043 1400 Elmslei
1076 1360 1344 1400 correctione
1373 1364 1477 1399 ποιῶ
1508 1369 1593 1407 σοις

284 1426 351 1466 Fr.
386 1427 454 1476 23,
489 1428 524 1467 l.
558 1427 681 1467 Idem
713 1426 787 1467 eft.
819 1428 893 1467 Ar.
927 1427 1036 1467 Nub.
1064 1428 1150 1468 655
1178 1425 1334 1479 ἀγρεῖος
1360 1425 1397 1466 εἰ
1419 1424 1485 1465 καὶ
1511 1424 1670 1476 σκαιός,
1695 1425 1851 1467 deinde
1876 1425 2052 1467 inutilia

341 1494 555 1544 quaedam
588 1496 780 1534 tentans.
801 1517 853 1523 -
873 1494 947 1534 Vs.
981 1495 1021 1535 2.
1054 1493 1126 1545 τὴν
1158 1497 1332 1546 γλῶτταν
1363 1497 1557 1546 φορεῖς.
1589 1494 1683 1534 Hoc
1712 1493 1858 1534 solum
1883 1493 1929 1534 in
1954 1493 2051 1534 tali-

343 1562 424 1601 bus
449 1562 636 1602 atticum
663 1563 743 1602 est.
763 1562 920 1603 Aesch.
939 1562 1087 1612 suppl.
1106 1563 1192 1603 994
1220 1564 1265 1603 et
1282 1562 1411 1612 soph.
1428 1562 1480 1603 fr.
1498 1563 1582 1602 811
1601 1557 1731 1602 ch2.
1754 1561 1873 1602 male
1888 1561 2054 1603 tradita

344 1631 448 1669 sunt
479 1627 590 1680 φέρει
621 1631 667 1669 et
697 1627 811 1684 φέρῃ.

286 1697 354 1738 Fr.
389 1697 459 1747 25,
494 1697 534 1737 2.
567 1707 667 1737 cum
699 1697 763 1737 Bl.
796 1697 893 1747 lege
924 1695 1077 1737 οὔκουν
1109 1720 1163 1727 -·
1195 1695 1343 1751 λέγεινς

286 1765 353 1805 Fr.
387 1766 456 1814 26,
494 1766 530 1804 1.
564 1764 647 1805 Cft.
689 1765 803 1805 idem
845 1761 1064 1817 ἡδυόσμοις
1106 1765 1304 1817 στρώμασι
1344 1767 1481 1807 Arist.
1522 1766 1575 1807 fr.
1618 1766 1660 1805 ῙῙ
1705 1766 1818 1806 1178
1850 1765 1905 1806 Μ.
1951 1765 2051 1806 Per·

345 1843 494 1882 peram
540 1843 641 1873 vero
681 1833 843 1873 eximie
881 1833 1048 1874 dictum
1090 1836 1311 1883 ψακαστοῖς
1352 1834 1397 1874 in
1439 1834 1621 1884 vulgare
1658 1835 1857 1873 στακτοῖσι
1886 1830 2052 1875 mutari

346 1900 477 1950 iubet,
510 1900 586 1940 sed
617 1900 709 1941 fere
740 1900 1043 1952 praetulerim,
1085 1901 1189 1942 licet
1223 1903 1400 1952 propter
1431 1901 1688 1942 violentiam
1720 1901 1831 1942 nihil
1855 1902 2050 1953 mutem,

344 1965 607 2018 κᾶρδομαι
636 1965 643 2018 Ι
671 1967 811 2018 μύροις
843 1971 1064 2017 ψακαστοῖς
1094 1979 1173 2019 pro
1204 1967 1291 2008 καὶ
1322 1969 1463 2021 μύροις
1492 1965 1498 2022 Ι
1525 1971 1718 2020 λοῦμαι
1749 1971 1984 2019 ψακαστοῖς.

285 2035 352 2075 Fr.
402 2036 470 2075 28.
518 2035 655 2075 Valde
701 2035 812 2075 mihi
857 2036 1035 2085 quidem
1082 2036 1245 2077 arridet
1284 2037 1439 2078 Kockii
1480 2036 1712 2088 correctio,
1754 2046 1860 2077 nam
1900 2035 2051 2077 durior

345 2102 570 2152 anapaesti
597 2103 769 2153 incisio,
799 2103 843 2143 in
875 2114 961 2152 qua
986 2103 1173 2144 haerens
1198 2104 1262 2145 Bl.
1291 2105 1476 2145 coniecit
1504 2103 1706 2145 <καίτοι>
1732 2106 1836 2154 φιλῶ
1865 2117 1910 2157 γε
1936 2102 2050 2157 Πρά-

344 2185 461 2219 μνιον
491 2169 557 2209 καὶ
600 2168 789 2222 Λέσβιον,
826 2172 1030 2212 excusari
1060 2171 1234 2212 videtur
1263 2175 1361 2213 arta
1387 2172 1700 2213 vocabulorum
1731 2172 2050 2215 coniunctione.

346 2238 405 2279 De
437 2239 536 2279 vino
569 2238 775 2279 Pramnio
808 2239 860 2279 cf.
894 2240 1140 2280 vLeeuwen
1173 2240 1227 2281 ad
1259 2240 1333 2291 Eq.
1371 2241 1469 2282 107.

286 2373 518 2417 Anaxilae
549 2374 599 2414 fr.
633 2375 673 2414 4.
692 2374 756 2414 Bl.
789 2372 946 2414 ἕπε’λιπέ
977 2386 1019 2415 σε
1051 2378 1171 2427 apte,
1205 2376 1282 2416 sed
1313 2376 1452 2417 nimio
1485 2376 1727 2417 molimine.
1755 2374 2052 2417 Probabiliora

341 2444 576 2482 suaserunt
607 2441 801 2482 Meineke
833 2444 876 2482 et
909 2442 1044 2483 Kock.
1088 2443 1178 2484 Nec
1209 2443 1343 2493 probo
1368 2444 1565 2484 eiusdem
1594 2444 1894 2485 coniecturam
1927 2443 1995 2494 12,
2026 2444 2047 2483 1

343 2507 550 2560 ὖλιβάτας,
580 2508 691 2558 quod
724 2511 981 2559 suspectum
1014 2510 1126 2560 apud
1155 2511 1452 2560 Antiphanem
1485 2512 1581 2562 133,
1616 2512 1642 2551 3
1674 2511 1745 2552 hic
1769 2511 1892 2552 omni
1916 2519 2051 2551 sensu

343 2577 602 2616 destitutum
635 2578 715 2616 est.
748 2576 901 2617 Kockii
932 2578 1206 2627 suspiciones
1231 2579 1392 2619 saltem
1420 2580 1609 2630 speciem
1639 2579 1819 2630 habent,
1845 2578 2052 2629 quamvis

346 2645 534 2684 incertae
566 2647 609 2684 et
640 2645 774 2694 ipsae.

288 2712 350 2750 Fr.
375 2714 440 2761 15,
459 2713 494 2752 1.
522 2711 704 2763 τρίχορδα
727 2722 878 2752 meum
895 2712 1049 2762 probat
1066 2713 1129 2753 Bl.
1149 2713 1310 2755 Utrum
1326 2713 1526 2765 κινδαψός
1544 2714 1714 2764 (Phot.),
1733 2714 1846 2764 quod
1862 2712 2051 2764 praefert

345 2779 421 2827 131„
446 2789 502 2819 an
533 2779 756 2829 σκινδαψός
783 2780 973 2827 (Athen.)
1000 2782 1192 2830 genuina
1218 2782 1278 2821 sit
1304 2782 1588 2822 instrumenti
1614 2782 1756 2822 forma
1780 2781 2050 2831 ignoramus.

290 2847 353 2885 Fr.
392 2847 456 2895 18,
495 2849 531 2888 1.
579 2850 757 2895 στακτοῖς
802 2858 880 2899 pro
922 2849 1090 2896 ξανθοῖς
1132 2849 1227 2889 sine
1269 2859 1402 2890 causa
1441 2849 1506 2891 Bl.
1540 2871 1592 2877 —
1627 2848 1701 2889 Vs.
1744 2850 1784 2890 4.
1826 2848 2049 2899 ‘ryporum

347 2914 501 2953 vitium
529 2911 608 2968 ᾠὰ’
641 2914 881 2954 κλάπτων
908 2925 985 2966 pro
1012 2926 1062 2956 eo
1088 2916 1199 2965 quod
1223 2917 1495 2957 conieceram
1513 2913 1556 2972 ᾤ’
1586 2914 1852 2956 ἐκλάπτων
1876 2915 1981 2956 fecit
2000 2915 2051 2956 ut

346 2981 455 3020 hane
488 2983 782 3023 certissimam
816 2983 1190 3035 emendationem,
1219 2985 1261 3024 in
1288 2994 1420 3034 quam
1452 2984 1666 3025 inciderat
1696 2992 1867 3033 quoque
1896 2981 2051 3023 Kockfl

346 3047 490 3098 frater,
521 3049 619 3089 huic
646 3051 797 3090 cedere
823 3050 1039 3091 deberem.
1061 3073 1114 3080 —
1132 3050 1205 3092 Vs.
1236 3053 1274 3093 7.
1298 3048 1492 3103 Ἐφεσήια
1518 3051 1726 3105 γράμματα
1751 3049 1864 3090 καλά.
1885 3049 2050 3091 Vereor

346 3124 398 3153 ne
418 3126 556 3156 vanae
573 3117 662 3156 sint
680 3118 831 3158 Kockii
850 3119 1102 3159 coniectura
1117 3118 1236 3157 καινά
1253 3121 1297 3159 et
1313 3118 1535 3169 Blaydesii
1551 3118 1704 3170 κρυπτά
1720 3119 1799 3159 aut
1813 3115 1967 3171 γραπτά
1980 3113 2047 3168 (I),

345 3183 420 3220 aut
447 3183 604 3228 (Add.)
642 3181 844 3235 γραμμάτι·
876 3182 989 3231 ἄττα,
1014 3187 1060 3225 et
1091 3187 1286 3226 comicus
1312 3196 1467 3227 revera
1498 3189 1675 3237 propter
1712 3185 1904 3225 ionicum
1930 3179 2049 3235 Ἐφε-

344 3247 437 3298 σήια
469 3250 520 3288 de
554 3251 768 3291 industria
799 3252 985 3293 ionicam
1019 3253 1266 3302 prosodiam
1300 3254 1505 3295 adiectivi
1536 3252 1655 3301 καλός
1687 3251 1930 3293 admiserit.
