2216 3522
1152 231 1209 273 68

301 362 368 401 Fr.
402 362 471 401 69.
506 358 586 400 Ost.
621 358 684 398 Bi.
728 358 780 397 de
827 356 1054 407 proverbio
1101 355 1265 396 Cratini
1306 354 1358 394 fr.
1395 355 1462 394 16.
1503 352 1665 403 Tangit
1703 352 1840 393 etiam
1880 350 2065 391 Plautus

360 430 402 475 (i.
435 439 472 469 e.
505 427 749 472 Philemon)
782 426 957 465 Mercat.
990 425 1131 466 309ss

478 496 655 535 Senex
687 503 846 543 quom
879 492 1161 542 extemplo
1194 491 1303 532 iam
1337 500 1437 530 nec
1467 488 1652 530 sentit
1681 498 1781 529 nec
1811 487 1988 538 sapit,

479 564 651 603 Aiunt
681 562 869 601 solere
902 571 1022 601 eum
1056 569 1246 600 rusum
1279 566 1701 608 repuerascere.

301 633 367 672 Fr.
402 632 470 671 70.
505 629 578 670 οὐκ
610 627 773 679 ἐκφορά.
804 628 866 668 Cf.
899 638 1011 677 quae
1041 628 1198 677 scripsi
1228 627 1274 666 in
1304 626 1447 667 lexico
1478 634 1578 665 meo
1608 623 1877 675 suppletorio
1907 623 1955 663 et
1977 621 2064 663 dia-

358 698 511 738 lectico
542 707 577 736 s.
597 707 636 736 v.
670 693 860 746 ἀποφορά
896 697 942 735 et
972 695 1017 734 in
1049 694 1311 745 Appendice.

304 767 369 806 Fr.
402 766 471 805 73.
506 764 568 804 Bl.
608 760 668 804 <6
700 761 774 815 γὰρ
809 762 878 803 vel
910 759 931 801 ὁ
964 758 1046 804 δ’>
1083 761 1381 813 αἱμασιολογεῖν
1412 757 1488 799 κτὲ.
1531 759 1687 810 Quidni
1722 754 1912 800 <ἆλλῖ>ῗ
1942 755 2068 798 Talia

361 832 535 872 restitui
566 832 800 880 nequeunt.

302 902 369 940 Fr.
403 901 472 940 75.
506 900 569 939 Bl.
601 898 796 938 δεσπότου
828 895 1087 937 πενέσται.
1125 898 1387 947 Suspectum
1431 897 1501 937 est
1530 892 1652 948 ῥυσὰ,
1680 894 1757 936 sed
1787 903 1945 945 parum
1974 901 2067 943 pro·

362 967 522 1006 babilia
552 977 662 1016 quae
695 966 882 1006 coniecit
911 963 1030 1004 πιστὰ
1062 967 1108 1006 et
1139 964 1264 1005 δόλια.

303 1035 369 1073 Fr.
406 1035 474 1073 78.
509 1033 615 1073 Poll.
649 1033 689 1072 II
720 1033 772 1072 18
804 1030 870 1071 καὶ
896 1035 1034 1085 γραῖα,
1058 1030 1126 1071 καὶ
1147 1030 1200 1080 ὡς
1230 1030 1468 1082 Θεόπομπος
1495 1028 1517 1070 ὁ
1538 1028 1731 1082 κωμικός,
1761 1028 2070 1083 πρεσβῦτις,

360 1101 629 1150 φίλοινος,
659 1100 887 1151 μεθύση,
917 1099 1229 1152 οἰνοκάχλη,
1263 1099 1470 1152 κοχώνη
1501 1097 1734 1151 (οἰνομάχλη
1764 1096 1944 1151 κοχλῶνη
1969 1097 2038 1145 A).

419 1169 570 1209 Deleto
602 1171 651 1208 ut
681 1168 950 1218 glossemate
981 1168 1162 1218 φίλοινος
1194 1179 1293 1209 cum
1326 1167 1511 1219 Kockio,
1543 1167 1710 1218 possis:

611 1237 824 1288 πρεσβῦτις
857 1234 943 1287 (ἥδε
975 1236 1043 1277 vel
1076 1234 1177 1283 ἐστί)
1209 1234 1409 1287 μέθυσος,
1442 1234 1659 1287 οἱνομάχλη
1689 1226 1772 1276 υ-”-

614 1294 696 1343 0ss
727 1304 884 1355 κοχώνη
902 1305 951 1351 (?)

361 1371 518 1410 Ultimi
548 1371 745 1411 vocabuli
771 1371 921 1421 procul
961 1371 1093 1411 dubio
1125 1371 1317 1421 corrupti
1349 1372 1519 1411 incerta
1543 1371 1718 1421 quidem
1746 1371 1816 1411 est
1841 1369 2073 1423 correctio,

362 1439 557 1478 maxime
588 1440 739 1478 tamen
782 1439 891 1479 mihi
932 1439 1210 1479 abblanditur
1250 1439 1417 1479 Kuhnii
1448 1438 1560 1479 coni.
1589 1438 1720 1491 χώνη,
1757 1447 1869 1487 quae
1899 1436 1940 1478 si
1969 1445 2075 1478 vera

359 1508 445 1556 est,
490 1506 543 1546 ab
584 1506 666 1546 hoc
707 1507 868 1557 incepit
909 1507 1023 1547 alter
1064 1507 1331 1556 versiculus;
1364 1507 1484 1558 prior
1514 1505 1630 1547 finiri
1660 1507 1806 1557 potuit
1837 1515 1934 1546 v.c.
1965 1514 2072 1546 voce

361 1573 513 1624 κάδος,
534 1574 594 1622 si,
628 1577 677 1615 ut
709 1575 836 1615 hodie
872 1576 1086 1626 solemus,
1132 1585 1231 1615 vas
1278 1575 1561 1615 vinarium
1593 1567 1809 1615 eiusmodi
1839 1572 2072 1614 mulierem

364 1643 537 1682 vocavit
578 1645 726 1692 poeta,
771 1643 1146 1692 quomadmodum
1186 1641 1307 1691 ἀσκός
1341 1643 1571 1693 usurpavit
1613 1642 1887 1692 Antiphanes
1916 1641 1970 1682 fr.
2004 1641 2074 1681 19.

363 1710 542 1749 Scatent
567 1712 716 1750 autem
745 1711 900 1751 comici
927 1711 1079 1751 Graeci
1106 1713 1149 1752 et
1176 1711 1320 1751 Latini
1341 1711 1450 1752 locis
1466 1711 1519 1751 de
1536 1711 1791 1761 mulierum,
1824 1708 2076 1750 vetularum

364 1778 597 1827 imprimis,
631 1778 912 1830 temulentia,
947 1779 1059 1828 quod
1083 1780 1243 1820 vitium
1270 1779 1531 1830 procedente
1559 1780 1707 1820 aetate
1737 1778 1922 1828 gliscere
1945 1775 2075 1818 solet.

306 1847 372 1886 Fr.
405 1847 474 1885 80.
508 1847 834 1886 Inconsiderate
861 1848 924 1887 Bl.
953 1848 1132 1897 opponit
1158 1847 1342 1888 Nauckii
1370 1847 1628 1887 correctioni
1651 1844 1868 1898 ὀρνιθείων
1888 1844 2074 1896 λεκάνην,

362 1913 474 1962 quod
506 1923 558 1953 ea
590 1914 722 1954 verba
754 1915 797 1953 in
839 1916 1044 1955 trimetro
1076 1915 1223 1955 locum
1256 1915 1416 1955 habere
1447 1925 1534 1955 non
1565 1916 1761 1964 possent.
1804 1913 1938 1964 Quasi
1967 1921 2073 1954 vero

362 1981 405 2020 in
437 1982 673 2021 comoediis
703 1992 789 2022 non
821 1984 994 2023 extaret
1027 1985 1219 2023 metrum
1253 1983 1607 2032 anapaesticumi

305 2049 370 2088 Fr.
403 2050 472 2089 83.
520 2047 704 2100 ἀντήλιος
752 2051 937 2099 requirit
982 2051 1047 2091 Bi.
1090 2051 1216 2091 Hanc
1255 2061 1363 2091 sane
1404 2051 1599 2092 formam
1640 2050 1823 2091 atticam
1864 2058 1965 2091 esse
2009 2048 2074 2090 ait

363 2117 649 2166 Phrynichus.
684 2117 744 2158 cf.
777 2117 1023 2170 ἀπηλιώτης,
1053 2117 1189 2175 ἔπηλις
1222 2122 1304 2159 etc.
1335 2118 1520 2159 Difficile
1551 2121 1703 2160 autem
1728 2119 1773 2159 in
1796 2118 1867 2159 his
1891 2116 2070 2168 glossis,

364 2185 433 2224 ubi
476 2195 647 2224 merum
690 2196 850 2226 nomen
893 2187 1202 2237 Theopompus
1242 2188 1417 2238 citatur,
1459 2187 1618 2236 ubique
1657 2187 1930 2236 distinguere
1969 2184 2073 2235 quid

361 2252 587 2301 historico,
622 2254 721 2302 quid
754 2256 910 2303 poetae
942 2254 1226 2294 tribuendum
1258 2255 1331 2296 sit.

307 2319 371 2359 1·r.
405 2321 475 2359 84.
523 2318 823 2371 ἀποδοθήσεται
865 2322 1052 2362 coniecit
1082 2322 1146 2362 Bl
1190 2322 1364 2363 Revera
1395 2320 1708 2374 ἀπωνηθήσεται
1739 2331 1952 2372 umquam
1988 2295 2074 2365 dici

362 2388 556 2436 potuisse
589 2398 664 2437 pro
696 2388 936 2441 πεπράσεται
968 2400 1149 2439 prorsus
1181 2390 1447 2431 incredibile.

307 2454 370 2493 Fr.
404 2456 474 2494 95.
507 2455 689 2496 'lomere
721 2456 1082 2509 τονθορυστοὶ
1116 2457 1181 2498 Bl.
1214 2457 1276 2498 Cf.
1309 2459 1597 2510 τανθοιρύζειν,
1626 2458 1902 2507 τανθαλύζειν.

423 2523 452 2561 Ε
487 2523 734 2563 Philetaero
767 2524 864 2565 Vat.
898 2524 1019 2565 Cohn
1053 2526 1097 2565 in
1131 2526 1241 2565 Mus.
1276 2526 1414 2566 Rhen.
1452 2527 1565 2567 1888
1607 2537 1648 2577 p.
1681 2528 1769 2567 414
1799 2523 2071 2576 Theopompi

360 2590 622 2639 fragmentis
652 2592 838 2631 addidit:

419 2656 483 2695 καὶ
531 2656 833 2708 ἀμύνεσθαι
880 2658 1060 2713 λέγοντες
1093 2659 1225 2701 οὐκέτι
1266 2660 1339 2712 τὴν
1370 2660 1471 2712 ἅμυ
1486 2677 1577 2701 ναν
1625 2660 1906 2715 <λέγουσιν>,
1938 2659 1976 2701 εἰ
2013 2658 2070 2713 μὴ

365 2723 600 2775 Θεόπομπος
633 2725 749 2774 ἅπαξ·
782 2726 869 2767 καὶ
901 2727 1037 2780 ἔχειν
1071 2729 1113 2775 (l.
1146 2727 1323 2781 κατέχειν
1356 2732 1434 2770 aut
1463 2727 1642 2782 κᾶχεινῖ)
1673 2717 1905 2781 ἄμυναν,
1938 2727 2070 2781 ὥσπερ

362 2790 426 2829 καὶ
458 2794 683 2844 Σοφοκλῆς.
716 2794 798 2835 Cst.
833 2796 1039 2845 Aeschyli
1073 2796 1194 2843 (Poll.
1227 2796 1307 2837 VII
1340 2799 1410 2844 61)
1443 2797 1665 2850 χειμάμυνα
1695 2799 1741 2838 et
1770 2795 1940 2837 εὔθυνα.
1972 2795 2075 2837 Vidi

365 2860 549 2899 Lexicon
584 2871 728 2901 meum
763 2863 903 2913 suppl.
938 2874 973 2903 s.
1008 2874 1048 2904 v.

305 2990 461 3035 Alcaei
496 2995 544 3033 sr
584 2997 716 3036 1.Βὶ
746 2998 819 3037 cst.
849 2998 1002 3038 incerti
1029 3000 1185 3048 poetae
1212 2999 1498 3041 hexametros
1524 3000 1636 3051 apud
1662 3001 1822 3076 Athen.
1845 2999 1925 3041 VH
1942 3000 2067 3075 87A,

363 3062 433 3100 ubi
468 3060 622 3113 ἕψομ’
626 3065 689 3109 §ev
722 3066 899 3114 corrigit
933 3076 1011 3115 pro
1043 3063 1291 3118 ἐφαρμόζειν.

307 3128 372 3167 ir.
407 3132 444 3167 2.
478 3129 600 3180 τρέχε,
631 3130 746 3180 χωιέ,
772 3130 843 3171 κτὲ.
871 3142 1026 3182 parum
1058 3133 1341 3184 probabiliter
1372 3135 1451 3185 Bl.,
1490 3135 1593 3176 licet
1622 3135 1845 3188 κατάχωλος
1875 3135 1929 3177 de
1960 3135 2068 3177 vitio

362 3202 612 3245 suspectum
647 3199 717 3238 sit.
754 3199 893 3240 Verbo
926 3202 1215 3253 καταχωλεύειν
1246 3203 1387 3243 utitur
1412 3203 1648 3254 Gregorius
1674 3204 1778 3244 NaZ.
1805 3204 1899 3244 Non
1924 3202 2070 3254 magis

361 3266 576 3305 satisfacit
612 3267 717 3305 mihi
755 3268 886 3308 Kock.
