2216 3522
1106 220 1188 261 178

265 342 332 385 Fr.
365 345 464 385 824.
507 344 591 386 Cur
622 356 662 385 v.
681 344 708 385 l.
741 345 934 397 πολυετής
967 346 1252 396 praeferenda
1283 347 1360 398 sit,
1393 346 1470 386 vix
1501 345 1732 396 quisquam
1763 346 1936 396 praeter
1966 343 2031 386 131.

324 413 562 463 intelleget.
606 414 659 453 Et
701 414 782 454 hoc
812 424 975 462 quaeso
1007 417 1183 465 reputes
1214 425 1433 464 nusquam
1463 412 1678 465 πολυετής,
1710 413 1878 463 passim
1908 414 2032 453 πολυ-

321 480 431 532 τελής
464 482 532 528 (cf.
567 481 731 522 Iabobii
764 482 917 527 Index)
950 492 1178 523 occurrere
1204 483 1248 523 in
1277 483 1544 523 comicorum
1573 481 1766 531 reliquis.
1793 481 2033 521 Vetulao

323 549 376 589 ab
416 550 503 589 illis
543 555 658 603 γρᾶες
691 551 735 589 et
767 550 987 602 γεραίτεραι
1020 553 1065 591 et
1096 551 1249 603 σαπραί
1277 551 1505 599 dicuntur;
1539 551 1694 590 contra
1723 548 1918 600 πολυετής
1947 550 2032 589 tra·

322 617 443 666 gicae
473 618 675 658 dictionis
706 627 803 658 esse
833 618 959 659 docet
990 619 1217 669 Euripides
1251 620 1320 659 Or.
1355 619 1455 659 473.
1491 618 1588 658 Hel.
1622 618 1743 667 857„
1771 616 1886 657 unde
1913 626 2030 657 sum-

321 685 380 724 sit
411 695 510 725 sera
540 686 680 725 oratio
712 685 943 735 pedestris.

264 753 330 792 Fr.
364 753 463 793 825.
499 753 686 793 Facilius
728 753 867 805 πικρός
909 755 1127 805 corrumpi
1169 755 1313 804 potuit
1354 765 1410 795 ex
1450 758 1582 793 πινῶν
1623 753 1794 803 (Kock),
1836 762 1970 802 quam
2006 762 2031 792 e

222 872 228 877 ·
320 819 459 871 ῥυπῶν
490 822 599 867 (ΒΙ.).
633 822 741 871 Quid
774 832 936 871 quaeso
968 823 1145 872 prodest
1176 823 1431 864 melioribus
1463 822 1620 862 addere
1651 820 1899 862 deteriora?

263 888 330 928 Fr.
364 890 464 928 826.
499 889 675 938 Optime
707 889 851 929 Naber
882 896 1010 930 τοῦτο.

263 956 329 996 Fr.
363 957 462 996 827.
497 956 665 1007 Cobeti,
700 967 786 997 non
819 957 1066 1009 Schmidtii,
1101 958 1458 999 emendationem
1486 968 1584 998 esse
1610 960 1854 1009 θαυμαστῶς
1879 957 2032 997 monet

320 1025 481 1065 Nauck.
515 1026 748 1075 Perperam
781 1025 1018 1077 θαυμαστὸν
1051 1027 1239 1068 coniecit
1271 1027 1335 1067 Bl.

262 1092 328 1131 Fr.
363 1092 463 1132 828.
498 1093 651 1133 Kockii
684 1094 895 1135 correctio
928 1097 1019 1144 (pro
1051 1093 1231 1147 εὐγενής)
1258 1093 1434 1145 εὐτελής,
1465 1094 1620 1144 vilis,
1649 1096 1695 1134 et
1725 1094 1867 1144 aptior
1891 1094 1962 1134 est
1985 1093 2031 1133 et

320 1160 490 1200 facilior
515 1159 877 1207 (TGA—IGN)
923 1172 1055 1210 quam
1103 1162 1323 1212 Blaydesii
1371 1161 1589 1214 δυσγενής,
1644 1161 1938 1213 ignobilis,
1985 1162 2031 1201 et

320 1227 477 1268 nititur
522 1229 616 1269 loco
654 1229 729 1268 BA
762 1230 861 1279 380,
899 1231 964 1270 16.
998 1229 1060 1270 Cf.
1104 1229 1387 1282 παιδισκάριον
1428 1227 1577 1277 εὐτελές
1609 1230 1809 1270 Menand.
1850 1229 1911 1270 IV
1941 1229 2028 1270 266

320 1296 436 1341 (137)
455 1296 506 1336 Μ.
540 1297 634 1337 Non
666 1299 761 1337 erat
792 1298 925 1347 igitur
957 1309 1033 1338 cur
1064 1299 1128 1339 Bl.
1162 1299 1392 1339 scriberet:
1425 1298 1582 1348 Quidni
1614 1298 1837 1351 δυσγενήςῖ

264 1362 329 1402 Fr.
363 1363 462 1404 832.
498 1365 607 1414 Quia
638 1365 754 1405 cauti
791 1367 860 1405 est
891 1366 1030 1406 critici
1061 1366 1228 1406 leniora
1259 1367 1453 1407 remedia
1483 1366 1703 1416 praeferre
1734 1365 2028 1417 gravioribus,

319 1440 404 1471 non
448 1433 571 1472 video
611 1432 759 1482 quidni
801 1433 1156 1483 obtemperemus
1198 1434 1412 1474 Meinekio
1454 1434 1687 1484 corrigenti
1718 1432 1798 1486 ἤδη
1830 1433 1916 1481 (vel
1946 1430 2029 1485 ἡδὶ)

328 1495 443 1542 <δ’>
489 1498 679 1549 ἀλεαίνει,
723 1501 885 1549 spretis
931 1501 1086 1541 Kockii
1128 1503 1173 1541 et
1214 1501 1433 1550 Blaydesii
1476 1502 1796 1542 tentaminibus
1836 1500 1955 1541 ἔνδον
1985 1502 2032 1542 et

319 1569 437 1610 ἔνδον
475 1563 612 1607 <ὁ’>.
656 1567 757 1607 Sola
796 1567 936 1608 altera
975 1568 1094 1608 illius
1131 1569 1383 1609 coniectura
1413 1564 1461 1608 ἵν’
1495 1565 1560 1621 ἥδ’
1595 1567 1761 1625 ἀλεαίνῃ
1798 1580 1898 1610 cum
1931 1569 2028 1610 Mei·

319 1638 508 1678 nekiana
539 1636 592 1675 de
623 1635 871 1685 principatu
902 1638 1081 1686 pugnat.

262 1707 328 1746 Fr.
363 1707 463 1746 834.
507 1704 592 1744 Cur
633 1702 804 1743 αὐλαίαν
845 1706 1070 1754 suspectet
1095 1704 1174 1755 Bl.‚
1217 1705 1328 1744 scire
1364 1705 1591 1754 pervelim.
1623 1706 1661 1745 A
1691 1705 1904 1746 tentando
1934 1705 2029 1746 loco

318 1783 420 1814 eum
453 1772 723 1812 abstinuisse
756 1772 905 1812 miror.

262 1843 327 1881 Fr.
361 1842 460 1881 836.
494 1840 602 1890 Quia
633 1849 889 1889 praegressa
920 1841 1099 1891 desunt,
1133 1841 1233 1880 sciri
1266 1841 1418 1890 nequit
1449 1843 1596 1882 utrum
1629 1838 1725 1881 οὐδὲ
1758 1864 1811 1870 -
1844 1837 1941 1881 οὐδὲ
1971 1850 2027 1882 an

318 1907 408 1949 οὔτε
438 1931 489 1936 -
518 1905 607 1946 οὔτε
648 1907 708 1947 sit
749 1908 942 1956 genuina
981 1908 1109 1948 lectio
1152 1918 1232 1948 nec
1274 1908 1416 1958 magis
1456 1911 1606 1949 utrum
1638 1906 1754 1961 ἡμῶν
1783 1931 1835 1938 -
1863 1907 1937 1962 ἔχω
1969 1919 2026 1950 an

319 1976 432 2028 ὑμῶν
465 1974 537 2027 ἔχει
569 1975 666 2022 (Bi.)
699 1975 935 2015 Menander
965 1977 1207 2026 scripserit.

261 2046 327 2085 Fr.
362 2046 463 2085 837.
511 2043 766 2083 Formulam
812 2043 1054 2083 militarem
1100 2046 1251 2083 θᾶττον
1291 2042 1318 2095 ἢ
1358 2043 1490 2096 βάδην
1523 2044 1587 2085 Bl.
1632 2044 1760 2086 affert
1800 2044 1936 2085 etiam
1968 2055 2026 2085 ex

320 2111 591 2152 Aristaeneti
624 2121 690 2160 ep.
724 2110 764 2150 II
801 2112 867 2150 14.

261 2180 327 2220 Fr.
360 2181 459 2220 838.
493 2178 713 2219 Inutiliter
744 2179 887 2218 tentat
919 2178 982 2218 Bl.

262 2249 326 2288 Fr.
360 2249 460 2288 845.
494 2246 733 2295 Antiphani
766 2246 919 2285 tribuit
949 2245 1100 2286 Nauck
1131 2247 1228 2287 Mel.
1262 2247 1320 2286 VI
1351 2247 1447 2287 127.
1480 2246 1544 2286 Bl.
1578 2246 1651 2287 cst.
1680 2247 1805 2287 Pauli
1830 2247 1850 2286 I
1877 2257 1943 2298 ep.
1971 2247 2025 2288 ad

317 2315 427 2355 Tim.
463 2315 481 2354 Ι
514 2315 564 2363 9;
597 2314 723 2354 Rom.
757 2313 816 2352 IV
852 2315 928 2363 15;
963 2313 1055 2354 Gal.
1089 2314 1152 2354 111
1188 2315 1255 2355 19.

260 2383 326 2422 Fr.
359 2384 459 2422 846.
702 2378 722 2419 ὁ
752 2380 922 2433 θάτερος
954 2378 1027 2431 μὲν
1061 2384 1146 2421 τοῖν
1177 2381 1294 2422 δυοῖν
1327 2381 1579 2434 Διοσκόροιν.

319 2451 444 2490 Falso
478 2449 710 2489 Menandro
752 2451 922 2489 tantam
955 2449 1249 2499 stribliginem
1283 2450 1414 2490 tribui
1447 2450 1586 2490 habeo
1617 2450 2023 2502 persuasissimum,

317 2529 416 2558 cum
451 2517 709 2567 praesertim
742 2527 839 2557 eam
873 2516 1115 2567 Chrysippo
1146 2518 1431 2567 adscripserit
1462 2518 1733 2558 Eustathius.
1776 2518 1839 2559 Cf.
1870 2518 2025 2559 Kockii

316 2588 433 2626 nota.
477 2585 761 2625 Menandrum
804 2586 1035 2636 scripsisse
1067 2583 1087 2624 ὁ
1119 2583 1192 2637 μὲν
1232 2584 1359 2638 ἕτερος
1399 2585 1474 2638 γὰρ
1512 2588 1639 2636 putat
1669 2586 1733 2627 Bl.
1766 2586 1860 2626 Vid.
1892 2595 2026 2637 supra

316 2654 369 2693 ad
402 2653 680 2693 Heniochi
713 2653 763 2693 fr.
802 2655 868 2693 16.

260 2721 325 2760 Fr.
360 2722 460 2761 848.
494 2721 676 2761 Temere
708 2721 922 2761 sollicitat
953 2720 1018 2761 Bl.

261 2788 325 2826 Fr.
360 2789 459 2827 849.
496 2787 710 2827 Headlam
752 2785 805 2835 ὡς
837 2785 935 2834 (ἐπεὶ
967 2787 1049 2834 131.)
1091 2787 1141 2827 σὺ
1171 2787 1376 2840 περίεργός
1415 2800 1548 2835 <τις>
1586 2783 1644 2836 εἴ,
1680 2788 1854 2829 facilius
1885 2787 2022 2829 etiam

318 2855 511 2895 Meineke
549 2854 615 2894 καὶ
656 2855 705 2895 σὺ
746 2854 890 2908 <γὰρ>
930 2870 970 2894 π.
1012 2851 1056 2895 εἱ.
1098 2856 1232 2897 Recte
1274 2856 1482 2896 Onesimo
1523 2856 1738 2897 Headlam
1770 2855 1925 2896 tribuIt
1955 2866 2020 2897 vs.

316 2933 380 2971 sq.
408 2923 471 2962 sic
504 2925 771 2963 correctum:

628 2991 671 3030 Ο.
703 2991 945 3043 γλυκύτερον
977 2988 1073 3031 οὐδὲ
1098 2990 1147 3031 ’ἓν
1174 2990 1249 3045 γὰρ
1279 2990 1306 3044 ἢ
1336 2988 1448 3031 πάντ’
1482 2989 1643 3031 εἰδέναι.

316 3057 476 3108 Nauck,
519 3059 590 3107 qui
623 3058 772 3098 Cobeti
804 3058 958 3109 probat
989 3060 1306 3110 coniecturam,
1348 3060 1457 3100 citat
1487 3058 1698 3108 cyrillum
1731 3068 1766 3099 c.
1799 3058 2021 3100 Iulianum

317 3124 394 3163 VII
430 3136 466 3174 p.
502 3127 587 3165 230
607 3125 636 3165 C
668 3123 803 3177 ἐπειδὴ
836 3124 880 3165 δέ
911 3124 988 3166 ἐστι
1021 3126 1147 3179 γλυκύ
1178 3142 1213 3166 τι
1244 3126 1375 3166 πάντα
1406 3124 1567 3166 εἰδέναι.

259 3192 324 3231 Fr.
359 3194 443 3231 852
478 3193 588 3233 falso
632 3194 868 3234 Menandro
910 3193 1126 3235 tributum
1170 3205 1268 3235 esse
1308 3196 1486 3245 propter
1522 3194 1715 3235 similem
1751 3193 2019 3235 sententiam

315 3259 365 3299 fr.
401 3262 484 3299 225
519 3263 669 3300 monet
701 3261 867 3311 Nauck,
902 3262 974 3310 qui
1009 3262 1083 3302 cst.
1117 3262 1296 3303 Theocr.
1331 3262 1435 3302 XXI
1467 3262 1523 3303 82
1556 3271 1620 3311 sq.
