2216 3522
203 419 222 447 τ

208 446 229 475 j
239 477 241 485 4

245 387 260 448 l

1127 174 1212 214 224

351 305 423 344 Vs.
455 304 556 343 614.
591 302 672 342 crt.
707 302 850 351 Eurip.
883 301 934 341 fr.
972 300 1099 349 1057,
1137 301 1154 338 l
1192 298 1392 348 BlaydeS.

350 371 421 411 νε.
455 372 555 410 615.
589 370 715 409 Haud
748 368 968 418 intellego.

242 449 245 463 1
301 438 421 500 svs.
456 430 555 492 616.
590 437 801 477 Richards
832 436 1057 487 proposuit
1088 434 1244 482 δικαίας
1275 444 1352 485 pro
1384 431 1567 486 ἀρχαίως.

234 489 241 521 ¹
294 501 305 567 (¹
348 506 422 545 νε.
453 506 552 545 623.
588 506 699 554 Lege
745 502 828 543 ἐκεῖ
868 514 943 553 pro
983 502 1103 551 εἰσιν,
1142 505 1193 543 ut
1233 504 1350 543 recte
1392 503 1462 542 est
1502 501 1615 542 infra
1658 510 1722 541 ve.
1763 501 1865 542 694.
1901 523 1953 530 --
1988 501 2051 542 ΟΥ.

306 570 335 600 N
347 598 384 626 >
408 572 628 613 Menandri
662 571 712 611 fr.
746 572 846 611 804.

349 641 419 680 Vs.
454 641 554 680 644.
589 639 764 689 Optime
795 639 1010 679 Richards
1041 637 1233 690 ἀταραξία
1265 649 1343 689 pro
1374 636 1559 689 ἀπραξία.

348 709 419 748 Vs.
453 709 553 748 653.
588 707 732 747 Idem:
766 707 955 758 βραβεῖον
986 704 1105 757 ἆρετή
1131 702 1235 745 ’στιν
1267 704 1563 752 εὖπαιδευσίας.

349 777 421 816 Vs.
454 776 539 816 663
573 774 789 824 Euripidis
821 776 890 814 est
922 774 1148 825 Hippolyti
1182 784 1246 814 vs.
1280 775 1351 814 95.

268 861 273 865 -
347 844 420 883 Vs.
454 843 553 883 680.
586 842 855 891 Expectatur
884 845 1058 893 κρεῖττον
1090 852 1166 892 pro
1197 841 1332 881 καλόν.

348 912 420 951 Vs.
453 908 552 968 ssssss·
587 910 699 959 Apte
732 909 920 959 Blaydes
950 912 1063 957 λιτῶς
1094 910 1137 955 (l.
1169 911 1316 956 λειτῶς)
1341 918 1417 959 pro
1443 910 1603 955 λεπτῶς.
1637 908 1718 948 Pro
1744 905 1789 960 γέ
1813 921 1874 948 τοι
1898 908 2054 949 malim

404 978 479 1031 γὰρ
511 972 574 1027 εὖ,
606 978 649 1017 in
680 978 792 1027 quod
825 977 979 1017 incidit
1010 978 1146 1018 etiam
1178 977 1406 1017 Richards.
1439 976 1629 1026 Legatur
1660 975 1817 1025 igitur:

627 1047 758 1090 λειτῶς
790 1043 864 1095 γὰρ
896 1038 941 1083 εὖ
974 1045 1046 1095 ζῆν
1077 1047 1262 1095 κρεῖσσον
1292 1042 1319 1096 ἢ
1353 1046 1543 1095 λαμπρῶς
1573 1045 1716 1090 καλῶς.

348 1114 420 1153 νε.
455 1114 540 1153 684
560 1127 614 1143 =
634 1112 856 1151 Menandri
888 1113 939 1152 fr.
974 1113 1059 1152 799
1093 1112 1203 1158 (ΒΙ.).

347 1182 420 1221 νε.
454 1182 540 1221 692
560 1195 613 1211 =
634 1180 762 1229 soph.
796 1179 847 1219 fr.
880 1180 985 1229 860,
1020 1179 1093 1219 ubi
1125 1179 1285 1219 melius
1315 1179 1476 1228 legitur
1505 1183 1651 1217 κακῶν.

349 1249 420 1288 Vs.
454 1249 539 1288 695
560 1264 613 1279 =
632 1247 758 1296 Trag.
791 1247 939 1296 adesp.
971 1247 1077 1296 491,
1113 1246 1185 1286 ubi
1217 1247 1285 1286 est
1316 1241 1430 1284 πάντ’
1465 1244 1576 1284 ἰδεῖν.

348 1317 419 1356 νε.
455 1316 552 1355 711.
587 1315 667 1354 Pro
708 1312 833 1366 ῥέγχει
873 1314 1088 1354 Richards
1130 1313 1315 1354 coniecit
1356 1310 1673 1364 τρέχει,·ἰρεο
1703 1311 1810 1352 olim
1841 1311 2052 1362 proposui

406 1377 459 1422 εὖ
491 1381 571 1434 ῥεῖ
598 1381 676 1432 (ῥεῖ
701 1377 739 1420 δ’
773 1375 864 1427 ew)
896 1381 1102 1432 παρούσης
1133 1386 1202 1432 τῆς
1233 1381 1352 1431 τύχης
1384 1378 1431 1419 τὰ
1460 1381 1684 1432 πράγματα.

346 1451 421 1491 νε.
455 1451 541 1490 718
562 1465 615 1480 =
635 1449 857 1489 Menandr.
890 1449 941 1489 fr.
975 1450 1062 1489 417
1081 1449 1120 1488 b.
1155 1449 1263 1495 (ΒΙ.).

347 1519 419 1558 νε.
454 1519 538 1558 725
580 1516 893 1557 Chaeremonis
935 1517 1089 1566 tragici
1133 1526 1289 1556 versus
1330 1517 1418 1561 est.
1461 1515 1513 1555 fr.
1558 1515 1583 1554 2
1633 1514 1746 1565 apud
1788 1507 2056 1554 Nauckium²

407 1597 446 1636 p.
480 1586 579 1625 782.

347 1655 420 1694 Vs.
455 1655 553 1693 755.
586 1651 760 1704 εὐβόλως
792 1662 868 1702 pro
899 1651 1071 1699 εὐκόλως
1103 1654 1231 1692 acute
1262 1653 1308 1691 et
1338 1651 1487 1691 nescio
1518 1661 1574 1691 an
1609 1660 1710 1691 vere
1741 1648 1945 1699 Blaydes.

347 1722 420 1762 νε.
456 1720 830 1762 758=Menand.
865 1719 917 1759 fr.
950 1720 1049 1759 288.

346 1790 576 1828 Rationem
634 1789 862 1838 praeterea
908 1787 1067 1827 habeat
1113 1787 1288 1827 futurus
1334 1786 1475 1827 editor
1521 1795 1673 1826 eorum
1720 1794 1832 1834 quae
1878 1782 2056 1833 collegit

288 1856 474 1905 Blaydes
528 1867 622 1905 pag.
667 1855 916 1904 352-358,
974 1865 1086 1904 quae
1142 1854 1319 1904 singula
1363 1854 1582 1894 discutere
1634 1861 1721 1892 non
1766 1852 1912 1891 vacat.
1968 1849 2054 1890 Sed

284 1924 395 1963 forte
442 1923 679 1973 inspiciens
725 1932 765 1971 p.
808 1922 894 1962 358
942 1922 1068 1961 video
1109 1931 1210 1962 eum
1259 1921 1489 1970 antiquum
1547 1919 1744 1960 obtinere
1790 1918 1835 1958 in
1881 1915 2055 1967 Synesii

286 1991 378 2030 loco
410 2002 449 2040 p.
478 1991 577 2039 728,
611 1989 683 2028 ubi
714 1989 880 2038 optime
919 1987 1126 2028 scribitur
1157 1986 1254 2027 ὥστε
1289 2002 1357 2038 μοι
1392 1987 1497 2027 δοκῶ
1524 1986 1531 2039 Ι
1559 1988 1707 2025 πλεῖν
1747 1981 1774 2036 ἢ
1815 1985 2053 2038 παλαιστῇ

286 2057 490 2109 γεγονέναι
522 2056 766 2106 σοφώτερος,
795 2056 987 2105 pessime
1013 2055 1326 2095 rescribentem
1358 2054 1563 2094 πλείονι
1594 2054 1908 2102 παλαιστῆς,
1936 2049 2052 2100 quod
2096 2087 2099 2089 ,

286 2125 444 2174 duplici
491 2124 668 2164 nomine
708 2123 916 2163 vitiosum
958 2124 1039 2162 est.
1083 2122 1196 2162 Nam
1237 2122 1363 2162 unice
1406 2122 1600 2163 Atticum
1644 2121 1715 2160 est
1744 2117 1944 2168 παλαστή,
1972 2126 2054 2158 nec

288 2193 594 2243 Aristophanis
635 2191 848 2231 editorem
895 2190 1033 2230 latere
1073 2190 1218 2239 potuit
1249 2200 1288 2229 v.
1322 2199 1358 2229 c.
1391 2189 1614 2230 Ranarum
1656 2196 1721 2226 vs,
1759 2185 1836 2225 18:
1876 2187 1990 2225 πλεῖν
2023 2181 2052 2236 ἢ

283 2255 447 2316 ’νιαυτῷ
478 2259 742 2312 πρεσβύτερος
774 2255 1004 2309 ἀπέρχομαι.
2069 2248 2075 2254 '
