2216 3522
1036 243 1117 281 123

249 356 456 398 similiter
501 370 566 400 vs.
609 362 650 401 8.
690 361 790 410 Ipse
831 361 968 402 lector
1004 363 1152 402 videat
1190 362 1285 403 eius
1327 364 1580 401 commenta
1620 362 1673 401 ad
1705 361 1949 409 sequentia,

251 425 365 465 unde
406 437 491 466 non
534 428 717 468 afferam
757 429 841 468 nisi
885 440 995 478 quae
1036 431 1228 479 aliquam
1272 431 1388 469 certe
1429 430 1620 479 speciem
1652 429 1831 477 habent,
1874 431 1950 467 aut

249 495 539 541 cognoscendi
572 496 823 536 utilitatem.

190 558 260 600 Fr.
293 560 362 610 78,
396 561 422 600 4
455 561 618 602 sufficit
649 563 887 612 Hirschigii
918 565 1168 605 coniectura
1197 564 1262 604 δεῖ
1287 561 1342 604 δ’.

191 626 259 666 Fr.
292 627 362 667 82.
395 628 560 669 Iniuria
589 631 661 670 hic
691 632 737 671 et
768 631 871 670 alibi
902 632 1023 671 Kock
1053 633 1266 672 traditum
1290 641 1380 671 ποεῖ
1409 634 1556 671 mutat
1587 632 1630 671 in
1662 633 1777 670 ποιεῖ.
1807 652 1859 658 -
1888 628 1949 669 Cf.

250 694 360 735 Men.
394 706 511 737 mon.
546 698 631 738 724
665 701 709 739 et
739 699 839 739 Eur.
870 700 922 739 fr.
956 702 1042 741 576
1075 697 1204 741 ch.²

191 761 260 801 Fr.
293 762 364 812 84,
399 764 437 802 2.
474 755 677 821 ῥευθίὸας
713 789 764 795 -
798 768 853 812 (5)
896 764 1144 807 ὠνθύλευσα.
1202 769 1266 809 Bl.
1315 769 1389 808 cst.
1438 768 1583 808 Sotad.
1631 768 1663 818 1,
1717 768 1767 807 15
1814 763 1951 811 τευθὶς

250 825 550 882 ὠνθυλευμένη.

190 896 259 936 Fr.
292 897 362 947 85,
395 899 421 937 4
453 909 517 947 sq.
551 899 598 939 Ο.
617 899 797 940 CrUSiUS
829 902 902 942 cst.
935 902 1274 952 Epicharmeum
1306 902 1407 942 αὕτα
1434 901 1555 952 φύσις
1580 900 1811 953 ἀνθρώπων
1837 897 1953 938 ἀσκοὶ

247 963 541 1016 πεφυσαμένοι,
574 967 743 1009 Timon.
775 969 941 1019 Sillogr.
974 967 1186 1022 ἅνθρωποι
1217 993 1269 999 —
1303 975 1420 1021 κενῆς
1452 970 1603 1020 οἱήσιος
1634 968 1793 1019 ἔμπλεοι
1825 966 1953 1018 ἀσκοί,

249 1031 482 1073 Petronius
513 1034 570 1073 42
603 1035 717 1074 utri
748 1035 948 1075 inflati
980 1037 1347 1078 ambulamus.
1373 1059 1418 1064 —
1451 1038 1544 1077 Vid.
1579 1038 1684 1077 Poll.
1718 1037 1758 1076 X
1794 1037 1890 1076 187.

190 1097 259 1138 Fr.
292 1099 363 1138 89.
395 1099 625 1141 Manifesta
655 1105 999 1153 paratragoedia.

119 1182 128 1191 .
189 1164 259 1204 Fr.
292 1166 362 1216 94,
395 1167 436 1206 5.
468 1167 624 1208 Procul
655 1169 784 1210 dubio
815 1171 1064 1221 recipienda
1093 1173 1274 1213 evidens
1305 1173 1490 1213 Dobraei
1524 1174 1746 1213 correctio.
1779 1172 1955 1212 Tradita

246 1231 377 1272 lectio
409 1237 613 1285 corrupta
644 1239 713 1277 est
743 1239 1003 1288 repetitione
1036 1240 1158 1280 verbi
1189 1252 1288 1291 φασι
1314 1242 1384 1287 (4).

189 1298 258 1340 Fr.
291 1300 361 1340 97.
399 1302 435 1341 1.
467 1302 581 1343 Vera
611 1305 768 1344 Kockii
800 1307 1050 1348 observatio
1082 1308 1228 1357 potius
1261 1310 1499 1349 vorandi
1534 1308 1758 1348 notionem
1791 1306 1953 1355 requiri

245 1377 378 1416 quam
425 1367 643 1422 ἐγχεῖσθαι,
688 1374 802 1421 quod
842 1385 919 1423 pro
965 1372 1172 1427 ὀρχεῖσθαι
1218 1377 1510 1427 coniecerarn,
1557 1377 1663 1416 fecit
1708 1377 1754 1415 ut
1800 1376 1954 1425 postea

247 1432 475 1487 ἐμπλῆσθαι
507 1448 815 1491 proponerem,
850 1443 963 1491 quod
994 1443 1138 1492 placet
1168 1444 1418 1494 Blaydesio,
1460 1445 1532 1493 qui
1563 1446 1713 1483 tamen
1744 1443 1836 1491 ipse
1868 1441 1952 1480 vio·

247 1502 388 1543 lenter
429 1503 580 1544 ἐσθίειν
621 1509 698 1547 aut
739 1506 945 1559 ἕγκάπτειν
991 1521 1256 1561 proponens,
1301 1514 1476 1551 mutata
1516 1510 1660 1550 subito
1706 1508 1951 1558 sententia,

245 1571 566 1613 inconsiderate
597 1576 747 1614 tuetur
779 1576 1005 1626 vulgatam
1036 1578 1144 1617 locis
1175 1578 1283 1617 nihil
1316 1578 1601 1627 probantibus
1632 1578 1683 1617 fr.
1718 1578 1817 1627 222,
1851 1577 1876 1615 3
1911 1577 1954 1615 et

249 1638 436 1687 Epicrat.
467 1640 531 1679 111
563 1642 663 1681 865.
700 1665 751 1670 -
785 1640 1010 1695 ὀγκοῦσθαι
1041 1645 1195 1684 infelix
1227 1647 1295 1685 est
1326 1645 1480 1685 Kockii
1512 1645 1715 1694 suspicio.

191 1705 259 1745 Fr.
294 1707 364 1757 98,
399 1708 441 1747 4.
487 1708 550 1748 De
596 1709 679 1749 hoc
719 1711 803 1750 us'u
843 1711 965 1751 verbi
1004 1699 1303 1764 ἀναλαμβάνειν
1345 1713 1408 1752 Bl.
1450 1713 1523 1752 eft.
1560 1713 1751 1752 Demetr.
1795 1711 1836 1750 11
1867 1711 1953 1750 876

241 1770 378 1826 ’Ἀρτος
421 1771 457 1813 δ’
503 1774 718 1828 ἀναλαβὼν
764 1776 934 1825 ἐξένισεν
973 1776 1078 1830 ἡμᾶς
1120 1781 1165 1820 et
1205 1780 1365 1820 Athen.
1410 1780 1511 1819 VIII
1551 1781 1637 1820 492
1664 1780 1712 1819 D.
1751 1775 1953 1830 Ἰσοκράτη

170 1844 185 1879 ᾗ
250 1839 467 1894 ἀναλαβεῖν
493 1844 704 1897 Λαγίσκαν
730 1844 785 1892 εἰς
807 1844 880 1896 τὴν
895 1845 1039 1885 οἰκίαν.
1059 1870 1113 1875 -
1131 1847 1205 1887 VS.
1238 1848 1304 1887 11.
1329 1847 1637 1887 Necessarium
1664 1846 1802 1886 videri
1828 1844 1955 1895 αὑτήν

196 1948 198 1950 .
249 1919 327 1959 pro
357 1909 486 1962 αὐτήν
513 1912 617 1952 alibi
640 1913 806 1953 monui.
841 1936 890 1942 --
923 1913 992 1954 Vs.
1026 1915 1092 1954 15.
1120 1911 1303 1954 τοῦπισθ’
1344 1925 1420 1964 pro
1457 1915 1610 1962 τούτοις
1638 1916 1756 1954 certa
1783 1913 1956 1953 videtur

249 1977 439 2028 Emperii
475 1980 742 2031 emendatio,
776 1981 1059 2029 probabiliter
1088 1982 1304 2022 tentantis
1336 1985 1596 2033 προστιθεῖσα
1622 1987 1744 2020 ταῦτα
1771 2003 1824 2009 —
1853 1978 1956 2030 ἀπή-

249 2060 381 2098 γαγεν.
427 2046 489 2087 Of.
532 2048 668 2088 etiam
710 2048 775 2088 Bl.
817 2059 857 2098 p.
895 2050 991 2099 157,
1026 2050 1150 2089 cuius
1183 2051 1430 2090 tentamina
1461 2050 1572 2090 mihi
1613 2048 1863 2098 displicent,
1907 2048 1956 2086 ut

250 2113 413 2154 dudum
445 2115 584 2155 abieci
614 2127 724 2165 quae
755 2116 847 2166 ipse
879 2116 984 2156 olim
1010 2117 1202 2166 pessime
1228 2118 1399 2157 tentavi
1430 2118 1590 2157 vitioso
1617 2119 1662 2156 et
1686 2125 1888 2155 sermone
1915 2116 1959 2154 et

250 2183 406 2222 metro.
441 2206 494 2212 —
526 2183 600 2224 Vs.
649 2185 715 2224 17.
757 2182 999 2223 κατέπλασεν
1039 2195 1139 2224 cum
1186 2185 1216 2222 ἴ
1252 2185 1510 2235 paragogico
1551 2186 1726 2234 propter
1762 2182 1954 2231 Hilbergi

248 2248 393 2299 legem
438 2250 548 2291 bene
594 2251 844 2300 requirebat
890 2251 1053 2291 Nauck.
1087 2274 1142 2279 —
1175 2251 1250 2292 Vs.
1288 2253 1354 2292 19.
1402 2251 1533 2292 Verbi
1579 2251 1710 2291 medii
1757 2250 1957 2288 δείκνυται

249 2317 435 2358 obscura
476 2321 545 2359 est
575 2320 701 2359 ratio,
747 2318 853 2359 Cum
887 2319 951 2358 Bl.
994 2319 1189 2368 praefero
1232 2319 1471 2359 Clementis
1511 2319 1745 2359 lectionem
1787 2317 1956 2356 δεικνύει

251 2386 296 2424 et
326 2385 371 2424 in
403 2396 468 2426 vs.
503 2387 557 2426 26
591 2387 886 2426 Naberianum
920 2383 1092 2438 σεσηρέν’
1128 2396 1206 2436 pro
1239 2385 1414 2437 σέσηρεν.

192 2451 260 2492 Fr.
298 2452 394 2503 101,
429 2453 468 2493 2.
502 2454 717 2494 Vitiosam
750 2455 939 2494 formam
972 2452 1291 2506 ἐγκεκλεισμένον
1322 2465 1399 2504 pro
1431 2452 1715 2508 ε’γκεκλῃμὲνον
1747 2454 1821 2491 aut
1853 2450 1958 2503 ε’γκε-

250 2517 456 2570 κλειμένον
496 2524 622 2570 (quae
662 2522 805 2562 forma
844 2522 1162 2561 recentioribus
1202 2522 1361 2561 Atticis
1402 2522 1590 2561 fortasse
1622 2531 1707 2560 non
1738 2519 1959 2569 eripienda

253 2588 335 2633 est)
367 2587 558 2628 affricuit
587 2590 742 2638 poetae
773 2591 850 2630 aut
878 2591 972 2639 ipse
1003 2590 1159 2630 Pollux
1192 2592 1268 2629 aut
1298 2590 1392 2629 eius
1423 2589 1601 2628 librarii.

194 2654 263 2696 Fr.
293 2655 389 2706 102,
420 2656 460 2696 2.
489 2656 657 2696 Mecum
685 2657 749 2697 Bl.
777 2655 856 2697 ὑπὸ
882 2655 1021 2708 μέθης.
1053 2680 1104 2686 -
1130 2656 1333 2708 ὑπαμελὴς
1361 2657 1510 2703 (Kock)
1538 2666 1756 2704 nusquam
1784 2655 1955 2704 legitur.

195 2722 263 2762 Fr.
301 2723 396 2763 107.
440 2723 684 2773 Aptissime
725 2724 790 2764 Bl.
834 2723 901 2763 καὶ
953 2723 1080 2774 <δὴ>
1130 2723 1205 2776 γὰρ
1247 2723 1309 2763 ἐπὶ
1357 2730 1492 2774 κῶμον
1529 2720 1689 2775 <μέγ’>
1727 2720 1956 2773 ἀνθρώπων

254 2786 333 2840 ὁρῶ
361 2788 367 2844 1
396 2792 552 2841 πλῆθος
599 2791 777 2843 προσιόν.
820 2790 893 2830 κτὲ.
938 2814 984 2822 -
1034 2792 1103 2831 Ita
1144 2802 1290 2831 carere
1331 2801 1566 2841 possumus
1598 2790 1829 2830 Headlami
1862 2799 1956 2829 con—

254 2856 423 2897 iectura
453 2855 673 2909 ἐπικώμων.

315 2926 624 2964 ΚΡΑΤΕΥΑΣ.
680 2925 834 2966 Kaibel
876 2927 1025 2966 Herm.
1075 2926 1200 2975 1890,
1245 2937 1284 2974 p.
1334 2925 1402 2964 90.
1450 2924 1638 2973 „Verum
1684 2932 1842 2963 nomen
1890 2925 1958 2963 est

255 2990 445 3043 Κράτεια,
490 2995 539 3032 ut
580 2992 908 3059 &PiQQd'esste
962 2994 1236 3042 Athenaeus,
1296 2991 1495 3031 mulieris
1548 2991 1615 3030 vel
1662 2991 1807 3041 potius
1852 2991 1957 3030 deae

254 3069 433 3109 nomen,
482 3060 596 3108 quod
642 3060 686 3099 in
734 3060 911 3100 vasculo
969 3059 1098 3099 rubro
1148 3059 1308 3108 legitur
1354 3069 1440 3098 una
1481 3069 1579 3097 cum
1628 3059 1871 3097 ΚΑΒΙΡΟΣ
1915 3059 1959 3097 et

258 3127 444 3165 ΜΙΤΟΣ
485 3129 529 3167 et
570 3128 925 3166 ΠΡΑΤΟΛΑΟΣ.
964 3127 1024 3167 Cf.
1061 3126 1107 3166 O.
1149 3127 1284 3174 Kern,
1331 3125 1399 3165 die
1441 3125 1728 3165 Boeotischen
1770 3125 1958 3165 Kabiren

256 3193 406 3234 Herm.
444 3194 571 3244 1890,
606 3196 632 3234 9
665 3195 790 3244 sqq.”

198 3260 266 3301 Fr.
304 3261 399 3311 108,
435 3263 474 3301 6.
508 3262 612 3301 Post
645 3259 862 3313 ἅνθρωπος
895 3263 1012 3300 recte
1044 3259 1341 3308 interrogandi
1374 3260 1549 3308 signum
1582 3260 1682 3307 poni
1715 3259 1833 3299 iubet
1864 3260 1927 3298 Bl.
