2216 3522
1048 227 1129 267 193

266 343 403 382 nativi
426 344 543 393 plur.
576 345 734 395 forma,
769 357 809 387 v.
838 357 873 387 c.
906 348 951 387 in
993 348 1199 398 Archippi
1231 349 1305 389 illo
1337 347 1478 401 ἄνδρες
1510 351 1666 402 ἰχθύες,
1697 353 1765 392 cui
1793 354 1958 395 formae

264 412 378 460 apud
408 413 672 453 recentiores
702 414 882 455 demum
913 417 1099 455 accessit
1133 417 1274 456 forma
1306 420 1546 468 contracta,
1591 430 1700 467 quae
1731 421 1774 459 in
1815 424 1960 462 vetere

264 479 556 539 Atthidesoli
589 483 839 522 accusativo
870 484 1042 533 propria
1057 486 1153 524 ·est.

207 611 451 669 Posidippi
483 615 534 654 fr.
572 616 609 654 7.
789 614 929 666 κόρακι
959 613 1129 670 acl-‘358³'
1166 613 1190 667 ἡ
1222 617 1344 667 θύρα.

262 681 294 720 Ε
325 682 543 722 codicibus
577 683 868 723 revocandum
900 680 1057 732 κλείεθ’,
1087 694 1196 732 quae
1224 684 1366 723 forma
1397 687 1465 724 est
1491 687 1744 726 recentioris
1772 688 1958 728 Athidis.

262 749 344 788 Sed
371 750 609 799 pulsari,
640 761 724 790 non
751 751 939 790 claudi
971 751 1086 791 fores
1112 758 1162 802 τῷ
1181 750 1339 801 κόρακι,
1360 753 1507 801 itaque
1527 764 1673 792 veram
1695 765 1791 794 esse
1807 755 1851 795 in
1870 756 1960 796 Pol-

262 816 373 856 lucis
398 817 492 856 loco
518 817 559 856 X
577 818 630 856 22
655 818 888 858 lectionem
916 819 1109 858 codicum
1131 821 1302 868 praeter
1318 820 1533 868 optimum
1551 821 1779 861 Falckenb.
1798 819 1960 871 κρούεθ’

262 885 388 933 putat
418 884 618 933 Blaydes.
652 885 862 925 Attamen
893 886 994 934 quia
1025 885 1130 925 Poll.
1163 886 1243 924 VII
1279 887 1358 924 111
1404 887 1564 926 diserte
1596 887 1786 927 affirmat
1818 900 1960 929 cora·

262 961 373 991 cem
406 961 492 991 non
525 952 746 991 diversam
779 962 876 992 esse
908 963 933 992 a
965 963 1170 992 corona
1201 954 1242 999 (i.
1276 963 1311 992 e.
1345 953 1488 999 anulo)
1518 954 1769 1004 Homerica,
1803 956 1959 995 Home-

262 1028 336 1058 rus
383 1021 532 1058 autem
565 1019 641 1058 Od.
675 1034 700 1056 α
732 1021 816 1058 441
861 1022 942 1059 etc.
985 1020 1098 1059 dixit
1136 1020 1274 1071 θύρην
1317 1016 1352 1058 δ’
1400 1018 1616 1071 ἐ(.ἒ)έρυσσε
1647 1021 1823 1076 κορώνῃ,
1864 1034 1958 1063 con-

260 1087 522 1125 sentaneum
565 1088 633 1125 est
676 1097 825 1125 veram
866 1097 964 1126 esse
1003 1087 1188 1126 alteram
1229 1087 1481 1137 lectionem,
1524 1089 1568 1127 in
1600 1099 1686 1136 qua
1717 1100 1870 1129 omnes
1901 1091 1958 1130 ibi

258 1152 356 1192 libri
402 1154 666 1203 conspirant.
715 1153 827 1192 Fieri
869 1155 1018 1193 tamen
1058 1155 1205 1202 potest
1243 1156 1292 1193 ut
1331 1154 1452 1205 κόραξ
1494 1156 1665 1204 utrique
1697 1157 1795 1195 usui
1827 1158 1957 1196 inser-

260 1220 406 1268 vierit,
442 1231 527 1260 non
560 1220 687 1260 aliter
718 1231 849 1269 quam
882 1220 1052 1272 ῥόπτρου
1084 1222 1177 1260 sive
1209 1220 1396 1273 ῥόπαλον.

201 1287 268 1327 Fr.
306 1289 372 1337 10,
411 1290 446 1327 1.
480 1288 565 1328 Cur
595 1287 755 1340 ρίσκους
788 1291 1041 1337 suspectum
1077 1290 1234 1328 habeat
1265 1289 1328 1328 Bl.
1363 1289 1520 1328 vellem
1548 1290 1744 1330 dixisset.
1767 1313 1817 1318 —
1837 1291 1957 1330 Novo

262 1365 342 1395 usu
374 1366 449 1405 pro
481 1356 668 1396 loculo
701 1356 932 1396 adhibetur
962 1357 1006 1396 in
1038 1357 1224 1396 Kaibelii
1253 1367 1318 1406 ep.
1353 1358 1451 1406 546,
1488 1359 1526 1396 7.

200 1423 268 1462 Fr.
307 1424 372 1472 11,
411 1425 447 1463 1.
481 1422 660 1474 ἐκτίθησι
691 1425 808 1463 recte
839 1424 954 1463 tueri
985 1424 1159 1463 videtur
1190 1424 1324 1464 Kock.

203 1490 271 1529 Fr.
310 1491 376 1540 12,
411 1492 451 1530 5.
642 1489 714 1540 τὴν
746 1487 905 1540 ἡλιαίαν
938 1485 1039 1529 εἷλε
1070 1490 1185 1541 περὶ
1215 1496 1285 1529 τοῦ
1318 1490 1508 1541 σώματος.

258 1557 412 1596 Kockii
455 1558 728 1597 coniecturae
769 1557 893 1608 χάριτι
935 1560 1035 1607 post
1074 1569 1145 1597 me
1187 1558 1250 1597 BI.
1284 1558 1474 1597 obvertit
1510 1559 1572 1598 ita
1613 1559 1678 1597 bis
1720 1559 1952 1598 articulum

259 1625 396 1664 fuisse
436 1626 699 1675 ponendum.
742 1625 830 1665 Nec
870 1628 1019 1665 tamen
1052 1626 1271 1665 satisfacit
1302 1626 1412 1665 lenis
1446 1625 1593 1665 Cobeti
1627 1627 1834 1666 correctio
1866 1621 1954 1664 εἶδε.

259 1693 421 1742 Aptam
451 1693 721 1733 sententiam
754 1693 1002 1742 praeberet:
1201 1696 1206 1700 ’

554 1760 741 1812 βλάπτειν
773 1759 949 1799 δοκοῦσα
980 1759 1072 1806 τοὺς
1104 1759 1217 1811 βίους
1249 1759 1403 1810 μείζους
1434 1759 1584 1812 βλαβὰς

553 1826 624 1878 τὴν
655 1825 813 1877 ἡλιαίαν
845 1823 924 1866 εἶδε
960 1830 1081 1874 <ταῖς
1112 1826 1267 1878 χάρισιν
1299 1825 1403 1877 ὅμως
1435 1827 1503 1866 vel
1535 1826 1686 1878 ὅλην>.

257 1897 334 1935 aut
364 1896 509 1935 simile
550 1897 755 1944 quiddam
791 1907 867 1945 pro
898 1895 1042 1935 verbis
1073 1893 1161 1946 περὶ
1191 1900 1261 1934 τοῦ
1293 1894 1488 1944 σώματος,
1519 1905 1628 1943 quae
1660 1906 1715 1934 ex
1746 1895 1950 1945 interpre-

256 1963 424 2002 tatione
454 1963 636 2002 ssuxisse
668 1964 876 2013 suspicor.
1192 1949 1200 1955 ,
1783 1958 1787 1963 ’

198 2029 265 2069 Fr.
302 2031 370 2071 13.
418 2030 482 2070 Bl.
530 2027 608 2080 ὁρῶ
654 2041 730 2080 pro
776 2029 870 2069 ἅνω.
919 2030 1000 2069 Sed
1048 2030 1149 2078 quid
1190 2030 1373 2078 impedit
1411 2029 1644 2078 quominus
1684 2030 1868 2069 Athenis
1910 2029 1950 2068 τὸ

255 2096 441 2136 τελώνιον
471 2098 516 2136 in
548 2099 729 2138 editiore
761 2098 854 2137 loco
886 2099 1020 2136 situm
1053 2097 1215 2136 fuerit?

198 2165 266 2204 Fr.
303 2166 368 2213 18,
404 2166 442 2205 2.
477 2166 579 2204 Sine
611 2176 743 2205 causa
774 2166 888 2204 idem
925 2163 1028 2203 ἔστιν
1061 2162 1156 2203 οὐδὲ
1182 2163 1241 2202 ἲν.

197 2232 264 2272 Fr.
304 2233 367 2271 19.
403 2233 465 2271 Bl.
498 2233 571 2271 cst.
606 2233 868 2281 Antiphanis
899 2232 950 2270 fr.
987 2232 1083 2270 107.
1117 2231 1385 2270 coniecturis
1416 2231 1593 2270 accedat
1625 2231 1730 2270 haec
1763 2241 1882 2270 mea:

582 2298 685 2338 οὕτω
716 2297 1053 2346 πολύτροπόν
1084 2296 1187 2336 ἐστιν
1218 2295 1243 2348 ἡ
1275 2297 1381 2346 λύπη
1413 2297 1536 2336 κακόν

256 2377 332 2416 pro
372 2381 407 2405 τι
447 2366 674 2415 πολύπουν,
715 2366 810 2406 coll.
852 2366 984 2405 Thuc.
1024 2366 1086 2404 III
1119 2366 1174 2404 83
1217 2363 1258 2403 ἐν
1299 2364 1561 2414 πολυτρόποις
1603 2366 1825 2416 ξυμφοραῖς
1866 2364 1948 2404 ἐπί-

255 2445 416 2473 στανται
446 2434 663 2485 τραφίντες.

317 2503 535 2541 ΟΜΟΙΟΙ.
568 2502 635 2540 An
667 2501 931 2541 comicorum
961 2500 1132 2539 fabulae
1159 2499 1393 2548 inscriptae
1412 2496 1587 2547 Ὅμοιοι,
1607 2496 1784 2548 Ὅμοιοι,
1818 2499 1945 2548 Ομοία

254 2571 414 2610 similis
455 2570 700 2619 argumenti
741 2569 903 2607 fuerint
935 2569 1064 2616 atque
1095 2577 1189 2616 eae,
1224 2566 1379 2614 quibus
1412 2565 1527 2605 tituli
1560 2568 1663 2604 sunt
1698 2566 1869 2615 Δίδυμοι
1902 2569 1946 2605 et

255 2637 447 2687 Δίδυμαι,
477 2637 749 2686 ignoramus,
795 2646 934 2684 neque
977 2635 1107 2684 igitur
1148 2635 1258 2673 satis
1300 2635 1473 2672 constat
1508 2635 1655 2671 utrum
1689 2633 1831 2672 Plauti
1864 2634 1943 2672 Me-

254 2704 454 2744 naechmi
499 2704 709 2752 originem
756 2703 959 2742 duxerint
1000 2712 1054 2741 ex
1097 2700 1310 2748 Posidippi
1355 2699 1567 2748 Διδύμοις,
1613 2700 1684 2747 qui
1727 2709 1941 2747 nusquam

253 2772 456 2819 citantur,
489 2781 544 2810 an
575 2780 631 2810 ex
671 2771 866 2810 eiusdem
900 2766 1083 2818 Ὁμοίοις.
1126 2768 1220 2806 Vid.
1254 2769 1401 2806 tamen
1435 2766 1585 2805 Kockii
1618 2767 1942 2805 adnotationem

253 2839 306 2879 ad
338 2837 602 2887 Antiphanis
626 2833 811 2886 Ὁμοίους
844 2836 926 2876 νο].
961 2836 1000 2874 ΙΙ
1035 2846 1073 2884 p.
1108 2835 1176 2873 82.

194 2908 260 2947 Fr.
295 2907 363 2945 21.
396 2903 665 2953 ἑφθοπώλιον.
698 2904 760 2943 Bl.
798 2904 917 2953 „Imo
949 2900 1239 2950 ἕφθοηωλεῖον,
1270 2900 1472 2938 Solemne
1505 2899 1584 2937 hoc
1613 2900 1812 2938 vitium.”
1847 2899 1940 2937 Imo

254 2975 406 3013 contra
448 2973 529 3011 est.
577 2970 638 3011 Cf.
685 2970 929 3021 ἀρτοπώλιον
977 2970 1064 3015 (Ar.
1098 2968 1204 3006 Ran.
1242 2968 1322 3005 112
1366 2968 1409 3005 et
1448 2966 1583 3013 alibi),
1633 2964 1943 3014 ἀλεκτροπώλιον

252 3039 501 3088 (Phrynichi
532 3048 643 3078 com.
676 3038 726 3077 fr.
763 3038 830 3086 13,
864 3037 933 3075 ubi
961 3035 1164 3074 similiter
1191 3033 1352 3072 erravit
1379 3032 1530 3080 Kock),
1560 3034 1604 3070 et
1630 3032 1716 3070 alia
1743 3032 1784 3070 in
1803 3031 1942 3070 lexico

253 3118 350 3148 meo
385 3105 650 3155 suppletorio
685 3107 729 3144 et
755 3104 980 3144 dialectico
1006 3114 1039 3141 s.
1071 3113 1108 3140 v.
1135 3099 1421 3138 παντοπώλιον.
1460 3099 1618 3137 Contra
1644 3098 1941 3146 Theophrasto

253 3176 378 3216 Char.
411 3176 436 3214 6
467 3173 672 3213 reddatur
701 3171 994 3222 ταριχοπώλιον.

194 3247 260 3285 Fr.
295 3246 364 3284 24.
411 3242 535 3282 ἔσθι”έι
580 3242 840 3291 προνομεύων
887 3238 1032 3289 ὄρμενα
1075 3239 1215 3276 tentat
1258 3236 1319 3275 Bl.
1362 3235 1501 3273 Verba
1540 3234 1722 3272 obscura
1771 3244 1824 3272 ne
1855 3243 1939 3271 cor-

1770 3306 1800 3330 ¹22
