2216 3522
1163 206 1214 246 16

360 335 500 390 γμένος
534 334 748 386 postulat,
791 343 846 373 ex
887 331 1046 382 quibus
1086 330 1197 371 coni.
1231 329 1347 380 prior
1377 331 1528 369 tamen
1565 329 1711 379 specie
1742 338 1830 369 non
1860 330 1979 369 caret
2010 326 2066 369 ob

361 404 555 445 similem
582 402 733 443 Eubuli
760 401 821 441 III
854 400 937 440 247
966 399 1111 439 locum
1139 396 1310 450 χόνδρον
1326 395 1433 451 αὐτῷ
1459 396 1615 436 δεύσετε
1640 394 1648 447 Ι
1675 395 1837 449 γάλακτι
1862 395 2063 448 χηνός.-

364 472 435 512 Vs.
469 472 525 511 20
558 470 603 510 B.
636 465 711 518 οἴμ’
740 466 793 515 ὡς
829 465 989 514 ἀπολεῖς
1010 461 1044 517 μ’
1086 463 1265 504 ἐνταῦθα
1307 459 1548 516 διατρίβουο)
1581 462 1634 503 ἔτι
1662 461 1669 516 Ι
1696 461 1828 513 παρὸν
1858 462 2067 516 κολυμβᾶν

361 537 423 586 ὡς
455 533 566 590 ἔχετ’
601 535 656 583 εἰς
687 534 756 575 τὸν
791 534 1006 585 Τάρταρον.
1038 532 1188 582 Neque
1218 529 1271 579 ὡς
1297 527 1386 583 ἔχετ’
1416 530 1625 580 intellego
1648 540 1790 579 neque
1817 529 1931 580 quod
1954 529 2066 571 coni.

362 606 426 646 Bi.
458 602 520 651 ὡς
551 602 685 656 ἔχεις
715 602 770 649 εἰς
805 603 864 651 Τ.,
893 600 1006 651 quod
1039 600 1154 640 male
1182 599 1384 649 congruit
1410 609 1512 639 cum
1539 598 1685 648 prima
1710 607 1918 648 persona;
1941 597 2067 638 intel·

361 674 549 721 legerem
580 670 756 720 quidem
789 669 901 718 quod
934 670 1161 718 praeterea
1198 667 1385 707 coniecit
1421 663 1474 714 ὡς
1505 662 1646 717 τάχιστ’
1682 665 1738 713 εἰς
1773 667 1839 715 Τ.,
1870 665 1948 707 sed
1980 665 2068 706 vio·

361 739 518 780 lentior
548 741 616 777 est
648 736 851 776 mutatio.
885 735 1040 786 Quidni
1074 734 1214 774 multo
1246 733 1390 774 lenius

658 802 788 855 παρὸν
818 802 1024 853 κολυμβᾶν
1055 799 1117 848 ὡς
1148 800 1240 853 ἔχω
1267 797 1303 848 ’ς
1334 800 1404 840 τὸν
1439 799 1675 852 Τάρταρονῖ

362 874 434 915 Vs.
468 874 537 915 25.
578 869 804 924 κεχυμένοις
836 872 954 910 recte
986 869 1126 909 Kock:
1159 878 1220 909 sc.
1253 868 1453 909 convivis
1484 869 1543 915 (in
1575 868 1642 909 ed.
1676 866 1793 908 male
1823 865 2067 920 κεχυμένας).

363 942 435 981 Vs.
468 942 523 981 26
562 940 786 989 ingeniose
826 937 891 978 Bl.
932 935 1120 987 ἐκρέματο
1161 932 1260 975 κάλ’
1306 934 1405 975 ἀπὸ
1444 941 1523 975 τῶν
1562 935 1762 975 κλαδῶν
1793 934 1894 975 ἰδεῖν
1923 934 2068 976 multo

360 1014 405 1049 et
429 1008 589 1047 melius
613 1011 659 1046 et
684 1005 952 1046 modulatius
982 1014 1116 1054 quam
1149 1003 1286 1044 Kock.
1307 1026 1358 1033 --
1389 1003 1462 1044 Vs.
1497 1004 1552 1044 29
1595 1004 1768 1053 requiro
1805 1000 2070 1056 ἡβυλλιῶσαι,

359 1075 406 1115 τὰ
445 1075 545 1126 ῥόδα
581 1071 1020 1124 <κατα>κεκαρμέναι,
1059 1082 1164 1112 nam
1208 1071 1311 1112 ferri
1352 1072 1504 1121 nequit
1539 1072 1654 1122 quod
1686 1071 1810 1112 Kock
1839 1070 2069 1121 rescripsit

361 1141 407 1182 τὰ
432 1141 532 1195 ῥόδα
554 1139 699 1183 <καὶ>
720 1154 797 1180 neu.
815 1150 893 1190 pro
918 1137 1047 1178 καὶτὰ
1068 1138 1168 1191 ῥόδα
1185 1153 1219 1178 κ.
1240 1161 1291 1168 -
1311 1138 1386 1179 Vs.
1402 1140 1458 1179 32
1484 1149 1562 1188 pro
1592 1137 1677 1178 καὶ
1709 1137 1855 1178 τῶνδ’
1892 1138 2067 1189 requiro

362 1210 556 1250 τούτων
590 1205 646 1258 δ’,
675 1218 779 1248 nam
812 1206 878 1247 ὅδε
908 1208 954 1247 in
987 1206 1213 1247 comoedia
1243 1216 1330 1246 non
1360 1206 1549 1247 refertur
1580 1207 1634 1247 ad
1666 1206 1989 1247 antecedentia.
2015 1205 2065 1247 In

361 1277 513 1317 eodem
554 1276 739 1316 haerens
780 1275 845 1315 Bi.
887 1275 1037 1315 minus
1068 1277 1187 1314 recte
1218 1274 1407 1315 coniecit
1443 1273 1510 1313 καὶ
1541 1271 1701 1321 ταῦθ’,
1730 1274 1846 1315 unde
1870 1274 2071 1315 nascitur

359 1354 495 1394 prava
519 1343 760 1392 sententia,
786 1343 888 1392 quia
919 1352 1144 1382 comesa
1174 1344 1219 1381 et
1250 1343 1419 1392 epota
1449 1342 1624 1391 quidem
1652 1340 1865 1392 duplicari
1880 1341 2070 1382 absurde

355 1412 572 1460 dicuntur,
615 1420 667 1450 ea
709 1420 811 1450 vero
842 1419 1030 1459 quorum
1062 1419 1164 1459 pars
1195 1409 1402 1449 absumta
1431 1412 1517 1459 est,
1552 1420 1655 1450 cum
1686 1408 1901 1450 miraculo
1930 1408 2066 1459 dupli-

363 1478 450 1518 cari
482 1478 566 1518 dici
595 1481 794 1528 possunt.

305 1547 372 1587 Fr.
410 1547 562 1596 109,1
597 1544 846 1595 ἀσφοδέλους
877 1554 953 1594 pro
984 1542 1247 1592 ἀσπαλάθους
1279 1555 1366 1584 non
1399 1545 1515 1585 male
1545 1545 1634 1595 Bl.,
1675 1544 1909 1584 infeliciter
1939 1553 2006 1584 vs.
2039 1543 2067 1584 2

362 1613 491 1653 α’νθεα
524 1616 702 1654 tentans
732 1623 809 1663 pro
841 1611 1054 1662 λ(ε)ίμακα,
1086 1612 1199 1661 quod
1231 1622 1390 1652 sanum
1423 1612 1609 1653 videtur

305 1682 371 1721 F'n.
404 1682 499 1731 113,
535 1683 575 1721 3.
609 1681 756 1720 Placet
787 1679 1009 1729 Blaydesii
1041 1680 1151 1720 coni.
1184 1678 1284 1718 κούκ
1311 1678 1417 1718 ἔστιν
1443 1679 1560 1731 ἰχθὺς
1586 1677 1732 1727 ελλὸς
1759 1675 1855 1719 οὐδὲ
1881 1673 1938 1727 εἷς
1953 1677 2065 1730 βόαξ.

301 1749 367 1789 Fr.
406 1750 499 1789 120.
535 1749 721 1788 Dubium
755 1751 902 1787 utrum
935 1749 1052 1787 recte
1085 1746 1276 1796 explicet
1307 1746 1450 1797 Kock,
1484 1758 1540 1787 an
1572 1747 1815 1788 credendus
1841 1747 1902 1788 sit
1926 1741 1967 1788 is
1990 1747 2066 1797 qui

360 1818 550 1866 loquitur
590 1816 901 1856 Deucalionem
942 1814 1171 1854 obsecrare
1212 1824 1267 1854 ne
1309 1824 1519 1864 umquam
1562 1815 1747 1864 posthac
1786 1814 1952 1865 piscem
1981 1814 2066 1855 sibi

358 1888 566 1934 apponat,
600 1884 713 1933 quod
743 1882 954 1923 dirissimi
986 1882 1139 1921 diluvii
1173 1882 1388 1922 memoria
1420 1883 1573 1923 vexari
1606 1882 1731 1922 nolit.

302 1952 369 1992 Fr.
408 1953 502 2001 121,
541 1954 577 1991 1.
626 1951 867 1991 Verborum
908 1948 985 2000 ἄρα
1025 1945 1119 1988 ποθ’
1165 1947 1277 1996 ὑμεῖς
1319 1960 1501 1999 prorsus
1532 1950 1702 1990 incerta
1732 1949 1965 2000 correctio,
1997 1949 2064 1990 Bl.

361 2020 561 2070 proponit
599 2014 676 2068 ἆρά
716 2015 808 2057 ποθ’
845 2012 956 2057 οὗτοι
987 2015 1159 2056 nah...
1191 2017 1446 2067 improbans
1476 2017 1631 2058 Kockii
1663 2018 1774 2058 coni.
1807 2027 1873 2058 vs.
1907 2017 1933 2058 2
1965 2015 2065 2058 ἀπὸ

359 2093 428 2138 τῆς
459 2085 612 2138 ὀροφῆς
643 2088 688 2126 et
719 2095 886 2136 ponens
916 2086 1092 2135 signum
1124 2086 1423 2135 interrogandi
1454 2088 1554 2135 post
1584 2085 1898 2139 λαγαριζόμενοι.

303 2155 371 2195 Fr.
408 2156 503 2195 123.
551 2154 700 2194 Nauck
747 2156 900 2193 monet
942 2154 987 2193 in
1034 2153 1188 2193 Milleri
1228 2153 1295 2193 Et.
1329 2164 1389 2194 m.
1432 2153 1517 2204 legi
1568 2151 1803 2201 Εὔπολις
1850 2152 2063 2194 Πόλεσι·

361 2228 557 2274 παρῆμεν,
601 2218 678 2261 ἀλλ’
729 2220 803 2261 οὐκ
843 2215 953 2272 ἦσθ’
998 2218 1060 2259 ἂν
1099 2219 1156 2260 οὐ
1198 2219 1377 2272 παρόντα
1417 2235 1484 2272 με,
1525 2221 1599 2261 ubi
1630 2222 1721 2262 iam
1754 2221 1803 2262 G.
1835 2220 2064 2263 Wolfflum

361 2291 622 2331 emendasse
653 2288 907 2344 ᾐσθάνου.

303 2358 370 2398 Fr
408 2359 503 2407 130,
537 2358 577 2397 2.
618 2362 689 2396 τοῦ
729 2355 883 2407 σπόρου
918 2366 996 2406 pro
1027 2354 1246 2406 σπέρματος
1278 2356 1342 2396 Bi.
1375 2356 1726 2407 improbabiliter
1757 2357 1934 2407 propter
1963 2357 2062 2398 arti·

359 2426 525 2474 culum,
560 2435 637 2465 nec
668 2424 855 2464 fortasse
886 2422 1167 2463 sollicitanda
1197 2424 1360 2464 tradita
1390 2424 1533 2464 lectio.
1562 2424 1637 2464 Vs.
1665 2424 1691 2465 5
1718 2422 1930 2476 ῥεύσονται
1954 2423 2065 2466 bene

357 2498 509 2533 contra
550 2503 620 2533 me
662 2494 814 2534 tuetur
854 2490 992 2540 Kock,
1034 2491 1110 2530 sed
1142 2490 1255 2540 quod
1287 2492 1492 2541 proposui
1524 2490 1764 2541 παρέσονται
1793 2501 1879 2533 non
1920 2492 2066 2543 magis

365 2560 698 2609 „incredibiliter
725 2558 933 2608 languet’·
965 2568 1097 2607 quam
1124 2563 1311 2609 παρῆσαν
1336 2558 1539 2599 Teleclid.
1569 2560 1585 2599 Ι
1617 2559 1658 2599 9.
1690 2581 1739 2588 -
1765 2558 1842 2600 Vs.
1875 2560 1899 2599 7
1932 2560 2065 2611 ζωμοῦ

362 2638 438 2677 pro
468 2628 650 2678 βοτρύων
682 2627 916 2667 manifeste
946 2628 1148 2676 corrupto
1180 2626 1244 2666 Bl.
1272 2636 1358 2667 non
1385 2627 1523 2672 male.
1557 2637 1823 2677 quamquam
1851 2626 2065 2668 leniorem

364 2694 542 2734 mallem
575 2694 808 2734 medelam.

306 2762 372 2802 Fr.
411 2763 505 2810 131,
541 2764 579 2802 5.
613 2758 742 2800 παιᾶν’
779 2771 856 2811 pro
886 2756 1025 2799 παιών’
1062 2763 1344 2810 exspectatur
1375 2771 1476 2801 cum
1510 2761 1574 2802 Bl.

305 2829 371 2869 Fr.
409 2830 505 2878 132,
540 2830 579 2869 2,
613 2830 704 2869 Non
730 2829 928 2879 praestat
953 2826 1158 2877 vulgatae
1184 2827 1358 2868 lectioni
1385 2827 1715 2880 περιπλάττομεν,
1738 2828 1852 2879 quod
1868 2829 1980 2871 coni.
1997 2826 2063 2871 Bi.

306 2896 372 2936 Fr.
410 2897 503 2944 134,
542 2899 577 2936 1.
620 2898 661 2936 Si
708 2897 938 2946 respicitur
978 2895 1256 2944 proverbium
1298 2895 1366 2940 (cf.
1400 2895 1556 2947 Kock),
1589 2896 1844 2948 legendum,
1877 2898 1927 2938 ut
1955 2896 2063 2938 olim

363 2965 586 3013 proposui,
634 2961 698 3012 ὄψ’
744 2958 883 3015 ἦλθες,
925 2956 1052 3009 οὗτος.
1086 2984 1139 2991 —-
1174 2962 1247 3002 Vs.
1276 2964 1315 3002 2.
1352 2963 1432 3003 Pro
1470 2962 1618 3003 πλατέα
1659 2964 1723 3004 Bl.
1768 2962 1892 3016 παχέα
1934 2964 2064 3006 malit

364 3034 538 3080 propter
566 3031 706 3078 λεπτάς
738 3041 803 3070 vs.
837 3032 862 3070 5
894 3029 1022 3078 (quod
1054 3030 1199 3079 ipsum
1228 3029 1431 3080 laborat),
1458 3031 1535 3071 sed
1562 3041 1662 3071 cum
1689 3032 1852 3072 tradita
1875 3030 2064 3073 lectione

365 3098 522 3137 melius
548 3100 799 3148 conspirant
824 3098 919 3147 ipsa
937 3096 1070 3137 verba
1093 3098 1336 3146 sequentia.
1360 3120 1409 3126 —
1429 3097 1503 3138 Vs.
1522 3100 1563 3139 5.
1582 3099 1795 3148 Suspecta
1808 3102 1914 3140 sunt
1931 3099 2064 3140 verba

362 3165 521 3213 λεπτάς,
546 3164 684 3215 μέσας,
707 3167 801 3204 sive
827 3165 936 3203 latet
962 3165 1242 3214 μεσομφάλους
1270 3164 1382 3210 (coli.
1401 3164 1668 3216 Theopompi
1685 3166 1736 3206 fr.
1755 3167 1814 3214 3),
1833 3167 1930 3207 sive
1945 3164 2062 3206 §ma-

362 3231 552 3279 ιιοτύλους
578 3233 771 3282 aliudve,
799 3242 901 3271 nam
928 3240 1063 3270 unum
1098 3230 1237 3271 latere
1270 3231 1442 3272 videtur
1474 3233 1751 3273 vocabulum.
1778 3233 1840 3274 Cf.
1858 3233 2062 3285 Hippocr.
