2216 3522
1066 213 1148 253 163

286 334 361 377 κτὲ.
396 360 448 366 -
481 336 556 377 Vs.
589 338 631 386 4.
675 337 819 388 ζῶντα,
858 337 897 376 si
938 348 1117 388 sanum,
1162 338 1380 388 significat
1422 337 1495 386 ἕως
1536 336 1586 378 ἂν
1618 339 1663 395 ζῇ
1694 354 1761 387 τις.
1792 339 1857 381 Bl.
1890 350 1985 379 con-

287 406 388 445 iecit
420 404 544 444 εἰπεῖν
574 401 676 443 ταῦτ’
718 401 910 456 <ἒ’γωγ’>
948 404 996 444 οὐ
1038 405 1235 457 πείσομαι.
1285 407 1329 446 Si
1371 407 1471 455 quid
1518 408 1800 457 mutandum,
1834 407 1987 446 malim

287 473 386 523 δῆτα
418 484 495 524 pro
526 474 670 522 ζῶντα,
701 473 775 513 sed
806 473 953 523 potius
985 473 1186 514 abstineo
1218 485 1417 514 manum.

228 541 296 582 Fr.
325 541 424 591 360,
458 542 493 581 1.
531 541 741 590 Proposui
783 540 951 592 χρηστὸν
992 540 1125 592 νόμιζε
1166 542 1251 589 (vel
1288 542 1447 593 νόμιζω)
1485 547 1605 592 νοῦν,
1646 541 1989 591 improbabiliter

288 620 403 649 nunc
439 611 615 659 propter
652 609 908 648 violentiam
941 609 1006 648 Bl.
1038 608 1202 660 χρηστὸς
1235 609 1378 660 τρόπος
1410 610 1484 662 γάρ
1516 606 1586 649 ἐστ’
1624 609 1692 648 vel
1725 605 1750 659 ἡ
1781 609 1994 660 χρηστότης

288 677 362 729 γάρ
395 673 480 715 ἔστ’.
513 677 561 715 In
595 676 748 716 Kockii
781 677 1035 716 coniectura.
1065 677 1174 716 mihi
1207 677 1409 727 displicet
1442 677 1660 728 νομίμος
1692 681 1801 722 νοῦς.

229 745 299 785 Fr.
331 746 431 785 862.
480 744 718 783 Headlam:
768 738 819 794 ἦν
860 744 984 795 δῆλον
1026 742 1074 783 οὔ
1115 760 1151 783 τι
1195 745 1371 795 νυμφίος
1415 745 1460 784 τί
1492 743 1673 794 ἀλφάνει.
1706 744 1810 783 Mire
1842 745 1992 782 tamen

290 814 455 853 dictum
483 823 558 862 pro
586 811 634 851 οὐ
662 812 785 862 δῆλον
817 813 927 858 (Sive
960 811 1097 863 δῆλος)
1129 806 1181 863 ἦν
1214 810 1234 851 ὁ
1267 812 1442 862 νυμφίος
1468 812 1506 851 τί
1530 811 1711 862 ἀλφάνει.
1744 811 1857 850 Num
1884 811 1994 850 forte

290 875 341 932 ἦν
384 881 506 931 δῆλον
549 873 641 918 οὖν
682 877 703 918 ὁ
750 879 925 930 νυμφίος
966 880 1014 918 τί
1052 878 1253 929 ἆλφᾶνειὶ)
1302 881 1476 920 Habent
1517 881 1633 920 enim
1677 879 1834 919 Suidae
1874 879 1991 918 codd.

289 945 390 988 BE·
424 945 512 986 οὔνι
546 958 621 996 pro
653 945 701 986 οὔ
734 962 778 985 τι.
810 947 941 987 Plura
972 948 1023 987 de
1056 958 1176 987 more
1206 948 1271 988 Bl.
1304 959 1400 997 pag.
1421 949 1524 997 211,
1558 958 1742 996 quorum
1770 946 1877 985 nihil
1909 946 1991 985 suf-

292 1015 400 1066 ficit,
434 1015 508 1054 sed
542 1017 658 1054 recte
692 1015 801 1054 vidit
832 1015 1069 1055 desiderari
1101 1016 1351 1056 articulum.

232 1084 300 1123 Fr.
334 1083 432 1128 363,
467 1084 506 1121 6.
539 1082 645 1121 Post
675 1080 892 1133 ἅνθρωπος
924 1084 1113 1132 ponatur
1145 1083 1315 1132 virgula
1348 1093 1448 1122 cum
1480 1083 1726 1128 Blaydesio.

232 1152 301 1191 Fr.
335 1152 434 1191 364.
472 1151 508 1190 1.
557 1150 736 1199 Supplet
781 1149 977 1189 Meineke
1014 1147 1214 1191 <οὐδὲν>
1263 1148 1462 1205 διαφέρει,
1504 1150 1568 1189 Bl.
1612 1149 1660 1188 οὐ
1701 1149 1786 1201 γάρ.
1832 1149 1993 1189 Eodem

293 1219 386 1258 iure
422 1218 566 1267 possis
598 1214 768 1267 οὔκουν,
800 1215 847 1256 οὐ
881 1216 951 1267 δή,
981 1217 1085 1267 alia,
1119 1218 1227 1257 certi
1257 1217 1381 1257 nihil.
1415 1239 1470 1244 ——
1502 1217 1576 1257 Vs.
1611 1218 1649 1256 3.
1682 1217 1747 1256 Bl.
1780 1216 1834 1263 εἰς
1865 1215 1996 1255 ἑστίαν

294 1281 362 1325 τιν’
396 1296 472 1335 pro
504 1285 742 1324 sanissimo
775 1283 828 1331 εἰς
861 1282 1043 1322 ἑστίασιν.
1075 1285 1137 1324 Ne
1170 1295 1374 1334 graecum
1410 1285 1583 1333 quidem
1616 1287 1748 1322 καλεῖν
1780 1283 1834 1331 εἰς
1865 1282 1996 1322 ἑστίαν

295 1354 480 1394 videtur.
524 1353 605 1392 Sed
647 1354 765 1392 recte
797 1353 912 1392 idem
945 1354 1093 1392 tuetur
1127 1363 1189 1392 vs.
1224 1354 1250 1392 4
1283 1351 1382 1404 πρὸς
1414 1351 1485 1403 τὴν
1518 1351 1688 1402 σελήνην
1720 1352 1782 1391 ad
1814 1351 1993 1390 lucem

293 1421 480 1471 lunae,
515 1422 564 1459 ut
595 1418 693 1470 πρὸς
725 1418 793 1458 τὸν
826 1418 962 1470 ἥλιον,
990 1418 1033 1458 τὸ
1066 1426 1152 1469 φῶς
1185 1421 1266 1460 etc.

236 1490 304 1529 Fr.
339 1490 438 1529 365.
621 1485 641 1526 ὁ
673 1486 783 1538 λιμὸς
815 1485 959 1537 ὑμῶν
990 1486 1059 1526 τὸν
1090 1486 1213 1526 καλὸν
1244 1492 1385 1526 τοῦτον
1418 1484 1590 1525 δακὼν

622 1554 866 1593 Φιλιππίδου
897 1553 1128 1605 λεπτότερον
1160 1552 1357 1602 ἀποδείξει
1392 1552 1576 1605 [νεκρόν].

296 1623 377 1663 Pro
405 1621 516 1672 ὑμῶν
543 1622 726 1671 Bentley
753 1621 862 1672 ὑμῖν,
886 1621 1075 1670 Blaydes
1101 1621 1193 1660 υἱὸν
1221 1621 1422 1671 coniecit,
1450 1623 1495 1661 et
1517 1631 1582 1660 vs.
1602 1622 1626 1660 2
1649 1620 1744 1671 ταχύ
1762 1630 1837 1669 pro
1854 1620 1996 1659 deleto

296 1701 323 1730 a
350 1690 561 1730 Meinekio
590 1689 741 1740 νεκρόν.
770 1689 851 1728 Sed
884 1688 1082 1728 celeriter
1108 1689 1150 1728 id
1175 1687 1268 1728 fieri
1294 1699 1380 1728 non
1407 1689 1537 1738 solet,
1561 1698 1691 1736 quare
1708 1687 1860 1726 malim
1877 1687 1998 1736 πολύ,

295 1758 442 1797 nescio
466 1752 615 1797 autem
643 1767 697 1796 an
716 1754 850 1795 δακὼν
868 1767 893 1794 a
909 1756 1099 1795 librariis
1116 1756 1346 1796 confusum
1363 1756 1423 1795 sit
1440 1766 1539 1795 cum
1557 1755 1709 1805 δάιῖων,
1726 1755 1752 1794 i.
1772 1765 1808 1794 e.
1828 1753 1999 1803 δάκνων,

295 1826 396 1874 quia
428 1825 575 1874 aptius
607 1826 675 1864 est
707 1824 758 1863 de
790 1823 867 1863 tali
900 1833 944 1862 re
977 1823 1256 1873 participium
1289 1823 1535 1872 praesentis
1567 1832 1699 1871 quam
1732 1822 1895 1861 aoristi.

235 1894 303 1933 Fr.
337 1894 436 1942 366,
471 1893 510 1932 2.
557 1893 639 1932 Pro
688 1890 869 1930 θανάτου
912 1901 1010 1930 cum
1053 1891 1246 1930 Nauckio
1288 1891 1382 1930 Mel.
1416 1891 1475 1929 VI
1510 1892 1591 1930 112
1635 1891 1806 1939 requiro
1843 1894 1998 1945 ψυχῆς,

293 1961 367 2009 qui
398 1960 470 2000 cst.
504 1959 676 1999 Heracl.
709 1959 760 1999 fr.
798 1959 901 2007 105,
936 1958 1148 2008 Antiphil.
1182 1959 1315 1998 Anth.
1354 1958 1444 1998 Pal.
1477 1958 1557 1997 VII
1589 1959 1688 2008 623,
1731 1957 1911 2006 Longin.
1945 1957 1997 1995 de

292 2027 467 2067 sublim.
501 2027 570 2076 44,
606 2028 632 2066 9
665 2026 861 2075 aliosque
893 2026 1024 2066 locos.
1058 2026 1314 2075 Interpretis
1347 2027 1416 2065 est
1447 2024 1642 2064 θανάτου.

235 2096 302 2135 Fr.
337 2096 436 2134 367.
485 2094 545 2133 De
591 2093 741 2133 Cobeti
789 2094 1094 2133 observatione
1134 2094 1307 2133 Atticos
1347 2104 1432 2133 non
1474 2093 1658 2145 τετάρτην
1691 2092 1874 2140 dixisse,
1919 2090 1995 2129 sed

296 2161 481 2213 τετράδα,
540 2161 728 2209 Blaydes
785 2162 1009 2200 contendit
1061 2162 1418 2210 distinguendam
1466 2171 1563 2201 esse
1607 2159 1812 2211 τετάρτην,
1855 2158 1995 2197 diem

299 2229 602 2269 secundum
659 2230 787 2277 post
844 2229 1157 2268 crastinum
1205 2231 1248 2268 et
1304 2228 1490 2280 τετράδα,
1547 2228 1690 2267 diem
1738 2227 1997 2275 quartum

298 2296 532 2345 mensiS,
583 2306 662 2335 nec
703 2296 945 2335 Porsonum
989 2298 1032 2335 et
1069 2295 1351 2345 Meinekium,
1396 2297 1446 2334 ut
1485 2295 1558 2334 ille
1590 2294 1787 2343 putabat,
1822 2293 1998 2342 linguae

297 2374 479 2413 graecae
513 2364 601 2401 vim
634 2363 838 2402 intulisse
869 2363 912 2402 in
945 2363 1103 2402 lacuna
1143 2372 1206 2402 vs.
1241 2364 1266 2401 4
1300 2363 1592 2411 proponentes
1624 2360 1677 2407 εἰς
1703 2360 1900 2411 τετάρτην,
1925 2360 1999 2398 sed

298 2430 496 2469 illaturos
528 2430 682 2478 fuisse,
717 2429 772 2476 εἰς
803 2429 967 2480 τετράδα
999 2429 1037 2468 si
1070 2429 1414 2478 proposuissent.
1450 2429 1648 2468 Iudicent
1679 2427 1765 2467 alii.

240 2498 306 2536 Fr.
341 2498 440 2536 371.
469 2497 758 2546 Ambigebam
790 2498 939 2536 utrum
968 2497 1274 2546 explicandum
1310 2498 1427 2536 esset
1462 2498 1542 2542 τοῖς
1576 2499 1791 2547 γαμοῦσιν,
1816 2494 2000 2532 ductu-

300 2566 378 2604 ris
420 2575 671 2614 uxorem,
717 2565 872 2614 quippe
906 2564 1167 2614 δαιμονῶσιν,
1205 2574 1260 2603 an
1294 2563 1375 2603 hoc
1406 2573 1482 2612 pro
1514 2562 1589 2601 illo
1621 2561 1998 2608 substituendum,

301 2632 397 2671 coll.
430 2631 542 2670 Plut.
574 2632 675 2671 Mor.
711 2632 795 2671 706
813 2631 859 2671 Ε.
893 2632 1003 2671 Illud
1035 2631 1224 2670 fortasse
1256 2630 1600 2679 praeferendum.

243 2699 311 2738 Fr.
345 2698 444 2737 378.
656 2697 827 2744 πολλοὺς
859 2696 1146 2749 λογισμοὺς
1178 2694 1202 2746 ἡ
1235 2696 1408 2746 πονηρία
1440 2698 1588 2734 κυκλοῖ.

302 2765 531 2817 Λογισμοὺς
559 2765 746 2805 fortasse
774 2767 891 2804 recte
918 2766 1067 2804 tuetur
1094 2764 1176 2813 BL,
1205 2764 1296 2813 ipse
1323 2764 1418 2803 sine
1446 2772 1579 2802 causa
1605 2761 1831 2809 requirens
1858 2763 2001 2798 κυκλεῖ.

367 2833 856 2871 ΠΕΡΙΚΕΙΡΟΜΕΝΗ.
890 2832 1031 2871 Schol.
1066 2831 1118 2870 ad
1151 2831 1323 2870 Terent.
1358 2830 1549 2870 Eunuch.
1580 2829 1598 2867 I
1629 2829 1733 2867 116:
1767 2827 2002 2866 Videtur

303 2899 606 2939 Detonsam
648 2899 1107 2938 Periciromenen
1152 2896 1437 2936 Menandri
1476 2904 1718 2944 quagere
1751 2897 2002 2943 (tangere

304 2966 494 3006 correxit
546 2965 881 3014 Umpfenbach),
947 2965 999 3004 in
1051 2974 1154 3012 qua
1207 2963 1401 3002 fabula
1450 2962 1615 3001 miles
1666 2961 2002 3010 suspicione

304 3043 610 3082 percussus
661 3032 931 3072 adulterii
988 3031 1176 3080 gladio
1228 3031 1448 3068 amatae
1499 3030 1757 3077 amputat
1799 3027 2002 3067 crines,

306 3100 400 3140 Vid.
432 3099 623 3139 Hermae
657 3099 741 3139 vol.
773 3099 814 3137 II
846 3109 886 3148 p.
921 3099 1021 3137 344.

247 3167 314 3207 Fr.
347 3167 445 3216 380,
485 3167 519 3205 1.
562 3166 610 3205 In
652 3167 827 3206 textum
870 3168 1092 3214 receptam
1125 3164 1316 3214 oportuit
1347 3165 1513 3202 coriam
1548 3162 1745 3201 Meinekii
1779 3162 2001 3200 correctio·

307 3242 408 3273 nem
442 3230 659 3272 εὔπειστον.
