2216 3522
1107 201 1163 241 88

257 333 323 373 Fr.
363 334 457 380 181,
496 333 530 371 1.
572 329 770 376 θυννίδος
802 339 879 379 pro
911 326 1119 374 θυννάδος
1151 326 1306 367 malim
1339 336 1439 366 cum
1472 326 1558 375 BL,
1591 326 1665 375 qui
1698 325 1803 366 illud
1834 325 2018 375 septies,

316 401 395 440 hoc
440 398 542 439 alibi
591 408 808 447 nusquam
857 397 899 436 in
947 395 1171 436 comoedia
1215 394 1301 444 legi
1348 394 1576 444 observat;
1620 404 1685 434 vs.
1727 395 1752 433 2
1797 394 2020 444 ,λακιστοῖς

315 468 482 519 poetice
528 476 604 516 pro
656 467 827 511 κνιστοῖς
873 463 1067 513 (Antiph.
1115 462 1177 502 111
1224 463 1314 512 44),
1372 461 1612 515 στεγάσμασι
1663 471 1740 512 pro
1790 461 2020 511 καλύμμασι

315 535 507 585 (Antiph.
542 534 604 573 111
638 533 753 579 27).”
787 532 851 572 Bl.

256 604 323 644 Fr.
361 604 455 652 182,
490 603 528 642 2.
578 602 681 641 Mire
727 599 897 640 fallitur
938 598 1002 639 Bl.
1043 596 1298 648 ἰσοτράπεζος
1340 597 1411 637 hic
1442 597 1679 647 producere
1710 605 1725 635 ῑ
1754 598 1930 647 putans.
1969 617 2013 624 -

313 670 476 723 εὐγενής
508 670 582 709 vix
614 670 865 718 corruptum
894 666 1081 715 videtur,
1115 675 1191 715 pro
1225 675 1309 715 quo
1342 664 1465 705 Kock
1496 663 1683 715 εὐπινής,
1722 663 1787 704 Β1.
1820 662 2020 714 εὐπρεπής

314 739 647 789 proposuerunt,
682 745 762 775 neo
794 745 857 774 vs.
891 734 917 773 3
945 734 1245 773 necessarium
1279 733 1453 772 videtur
1482 730 1665 785 γηγενές,
1695 730 1782 780 ζέον
1808 731 2024 780 corrigere

314 818 415 847 cum
448 805 614 845 Nabero
640 805 717 843 aut
746 800 927 854 γηγενές,
968 799 1064 848 ζέων
1096 810 1195 841 cum
1229 800 1483 850 Blaydesio;
1512 802 1688 850 propter
1713 807 2022 849 praegressum

315 873 471 924 θρέμμα
518 872 720 912 librarius
765 871 912 921 potius
953 871 997 909 in
1039 870 1302 910 contrariam
1346 871 1518 919 partem
1559 870 1806 918 peccasset,
1846 866 1926 908 sed
1965 865 2022 907 cf.

313 941 476 994 εὐγενής
498 941 555 987 (2)
587 942 630 980 et
662 939 867 990 κάκκαβον
900 940 971 985 (4).
1009 935 1012 938 ’

256 1010 323 1050 Fr.
361 1010 456 1058 183,
491 1009 530 1047 2.
577 1007 764 1059 βρώματα
807 1017 883 1056 pro
925 1005 1136 1058 πράγματα
1167 1005 1365 1056 speciose
1396 1004 1461 1045 Β1.
1494 1004 1556 1045 Cf.
1589 1006 1741 1045 tamen
1773 1004 1849 1044 Ar.
1879 1002 2023 1053 Equit.

319 1077 430 1116 1399
471 1075 517 1114 τὰ
556 1075 695 1114 κύνεια
737 1073 932 1125 μ(ε)ιγνὺς
973 1076 1055 1120 τοῖς
1093 1070 1239 1120 ὀνείοις
1285 1071 1534 1125 πράγμασιν,
1579 1073 1653 1113 ubi
1695 1074 1788 1123 ipse
1827 1072 1873 1112 in
1908 1071 2022 1112 ΗΒΘ·

315 1154 499 1193 mosyne
544 1143 795 1195 φάργμασιν,
834 1140 1263 1191 farciminibus,
1313 1141 1534 1191 proposui.
1590 1141 1672 1182 Pro
1721 1139 2023 1191 dovera-idem

311 1215 427 1252 recte
458 1210 596 1261 ἄρνεια
627 1210 853 1259 emendat,
888 1211 932 1249 et
964 1219 1028 1249 vs.
1065 1210 1088 1249 7
1122 1210 1287 1259 optime
1318 1209 1484 1249 refutat
1514 1209 1751 1259 Kockium,
1778 1208 1896 1249 idem
1927 1216 2026 1248 esse

311 1279 468 1329 κράμβη
500 1281 546 1318 et
576 1277 758 1328 ῥάφανος
791 1277 903 1323 (coll.
938 1277 1080 1327 Apoll.
1115 1276 1210 1317 Car.
1244 1276 1303 1315 IV
1334 1277 1435 1323 449)
1467 1286 1668 1317 monenS.

254 1347 320 1386 Fr.
358 1347 454 1395 187,
488 1348 513 1386 5
545 1356 608 1395 sq.
658 1346 778 1385 Inter
824 1347 1060 1394 utrumque
1107 1344 1313 1394 verbum,
1361 1346 1411 1384 ut
1457 1344 1724 1395 scribuntur,
1770 1353 1910 1394 prava
1957 1343 2028 1384 est

309 1414 544 1463 oppositio,
584 1424 718 1463 quare
761 1415 891 1453 teneo
934 1415 1131 1452 veterem
1175 1422 1322 1452 meam
1365 1412 1685 1462 coniecturam,
1727 1413 1806 1452 aut
1840 1413 2026 1462 μαλακῶς

313 1478 364 1519 δὲ
397 1481 638 1520 δειπνεῖν
673 1491 736 1520 vs.
772 1482 798 1521 6
831 1480 1112 1520 scribendum
1155 1489 1253 1520 esse
1285 1481 1363 1519 aut
1394 1481 1540 1519 totum
1572 1489 1752 1519 versum
1784 1476 2028 1528 Antiphani

313 1548 663 1589 abiudicandum.

257 1618 324 1657 Fr.
363 1617 459 1666 188,
499 1618 535 1656 1.
569 1615 687 1668 ἔγωγε
719 1613 815 1667 πρὶν
847 1621 925 1655 τῶν
957 1613 1157 1666 ὑμετέρων
1192 1614 1392 1657 <σίτων>
1428 1617 1588 1668 φαγεῖν,
1618 1625 1706 1655 non
1738 1613 1870 1654 male.
1900 1611 1967 1653 Bl.

257 1685 323 1725 Fr.
361 1685 456 1734 190,
493 1685 532 1725 2.
576 1680 750 1736 ἐλογίζετ’
795 1682 912 1723 ἔνδον
941 1682 1184 1735 πραγμάτων
1215 1682 1279 1723 Bl.
1313 1684 1372 1724 At
1402 1680 1540 1734 ἔνδον,
1570 1681 1685 1732 quod
1717 1680 1867 1732 procul
1897 1679 2028 1721 dubio

314 1762 500 1791 secum
532 1761 631 1791 esse
665 1751 823 1800 voluit,
858 1750 1021 1791 Graece
1050 1750 1181 1791 verbo
1211 1750 1438 1803 λογίζεσθαι
1466 1750 1773 1799 similibusque
1798 1758 1886 1790 non
1911 1747 2025 1789 addi-

313 1822 398 1859 tur.
431 1819 759 1859 Incertissimae
792 1818 984 1867 reliquae
1016 1828 1186 1867 quoque
1215 1820 1321 1858 sunt
1353 1818 1644 1859 coniecturae.
1676 1840 1729 1846 —
1765 1817 1840 1857 Vs.
1876 1812 1929 1857 n
1960 1825 2026 1866 sq.

314 1887 441 1937 μάτην
468 1886 475 1938 Ι
504 1884 607 1937 ἡμᾶς
650 1887 714 1927 Bl.
752 1909 802 1915 —
838 1886 910 1926 VS.
960 1888 1025 1926 14.
1075 1891 1280 1937 νησιωτῶν
1325 1886 1583 1936 imprudens
1630 1895 1810 1926 mecum⁴
1853 1882 2026 1934 Scribit,

314 1955 477 1995 addens
513 1955 739 2004 analogiae
780 1956 1051 1994 contrarium
1083 1964 1182 1994 esse
1214 1953 1445 2005 νησίαρχος,
1481 1965 1558 2005 pro
1588 1964 1674 2004 quo
1705 1952 1903 2005 νήσαρχος
1932 1960 2026 2002 pos-

312 2023 488 2072 tuletur,
522 2033 608 2072 qua
639 2024 682 2063 in
714 2033 760 2063 re
793 2023 973 2072 fallitur,
1010 2026 1057 2062 ut
1088 2025 1270 2073 apparet
1298 2032 1353 2062 ex
1380 2023 1525 2063 titulis
1550 2022 1704 2073 Deliis,
1733 2021 1819 2062 vid.
1837 2019 2029 2061 Lexicon

315 2101 463 2130 meum
495 2091 636 2141 suppl.
670 2093 715 2130 et
746 2091 848 2131 dial.
881 2101 916 2130 s.
953 2101 990 2130 v.
1024 2101 1063 2140 p.
1098 2091 1198 2130 558.
1237 2091 1281 2130 Si
1314 2093 1465 2130 autem
1496 2092 1614 2130 recte
1646 2089 1928 2140 Antiphanes
1957 2087 2028 2135 (cf.

316 2158 441 2197 Mein.
476 2158 588 2198 Hist.
621 2157 741 2203 Crit.)
773 2159 859 2198 iam
894 2159 1136 2198 decessisse
1174 2168 1212 2198 a.
1248 2158 1334 2197 328
1366 2168 1404 2198 a.
1438 2158 1552 2209 Chr„
1585 2160 1630 2198 et
1662 2156 2026 2206 nesiarchus,

314 2225 614 2265 insulanorum
657 2226 855 2267 consiliis
896 2226 1163 2276 praefectus,
1203 2236 1229 2266 a
1261 2226 1454 2276 Lagidis,
1488 2236 1676 2276 quorum
1713 2226 1884 2276 primus
1914 2234 2030 2265 anno

314 2293 492 2333 demum
527 2294 614 2333 323
657 2295 799 2344 coepit
841 2304 1043 2344 regnare,
1088 2296 1264 2334 creatus
1304 2304 1404 2334 esse
1446 2293 1649 2345 creditur,
1684 2294 2030 2334 consentaneum

315 2363 384 2400 est
423 2363 500 2400 aut
539 2363 835 2403 coniecturam
874 2373 1021 2403 meam
1057 2373 1206 2403 veram
1238 2373 1360 2414 esse,
1399 2365 1476 2403 aut
1506 2363 1669 2403 falsam
1700 2361 1824 2402 illam
1854 2362 2029 2403 senten·

317 2429 445 2476 tiam;
489 2429 573 2468 nisi
615 2430 728 2471 forte
770 2431 1056 2471 statuendum
1093 2433 1163 2470 est
1194 2430 1495 2481 Antiphanem
1527 2430 1702 2480 longius
1732 2429 1872 2470 vitam
1901 2438 2030 2470 suam

317 2497 598 2546 protraxisse.
630 2520 680 2526 -
717 2498 766 2538 In
809 2499 961 2538 eodem
1006 2508 1135 2539 versu
1178 2500 1295 2538 recte
1333 2498 1548 2538 Headlam
1593 2497 1779 2538 coniecit
1818 2492 1912 2544 ἐσές
1950 2494 2030 2546 ἔδει

319 2573 393 2613 pro
429 2561 523 2608 ἕστίς
568 2564 636 2603 δεῖ.
675 2588 726 2594 —-
761 2566 833 2606 Vs.
868 2568 933 2607 16.
980 2572 1053 2605 νῦν
1085 2565 1160 2618 γὰρ
1204 2566 1271 2606 vel
1316 2564 1406 2605 νυνὶ
1445 2563 1489 2605 δὲ
1520 2565 1649 2606 malit
1689 2565 1753 2605 Bl.
1785 2566 1831 2606 et
1872 2563 2030 2617 Μάχων

318 2633 362 2670 et
397 2631 446 2670 17
480 2630 623 2678 καύτὸς
654 2632 721 2673 vel
750 2632 817 2672 καὶ
843 2633 942 2684 πρὸς
969 2638 1060 2684 (pro
1087 2632 1168 2679 καὶ)
1202 2633 1269 2674 vel
1296 2631 1597 2686 κᾶριστογείτων
1623 2633 1758 2684 idem,
1786 2641 2027 2683 numquam

319 2708 406 2737 una
436 2698 689 2739 coniectura
720 2704 966 2741 contentus.
988 2723 1041 2730 —
1061 2700 1134 2741 Vs.
1163 2701 1232 2741 21.
1266 2701 1387 2741 Idem
1414 2701 1580 2741 dudum
1608 2703 1710 2751 post
1734 2709 1808 2741 me
1833 2698 1933 2740 εἰσιν
1954 2709 2032 2751 pro

319 2759 429 2816 ἦσαν.
463 2764 674 2806 Videlicet
705 2778 784 2817 ego
826 2771 900 2808 aut
943 2769 1025 2809 hoc
1056 2769 1220 2808 conieci
1253 2770 1330 2808 aut
1365 2768 1597 2809 delendum
1631 2778 1729 2809 esse
1760 2761 1883 2819 ἦσαν,
1915 2766 2029 2817 quod

319 2834 451 2873 etiam
485 2833 750 2881 probabilius
784 2837 967 2877 videtur.

263 2901 329 2942 Fr·
369 2902 462 2950 191,
502 2909 540 2947 5.
574 2912 652 2960 φῇ,
683 2915 743 2945 sc.
771 2901 792 2943 ὁ
818 2903 1006 2955 ποιητής,
1030 2914 1107 2954 pro
1133 2909 1198 2953 φῶ
1226 2904 1458 2944 verissime
1485 2903 1710 2944 Richards.
1732 2925 1783 2932 —
1804 2902 1876 2943 Vs.
1899 2902 1965 2944 18.
1983 2900 2031 2943 τὰ

320 2971 617 3026 διῳκημένα
666 2971 869 3022 πρότερον.
915 2971 1124 3022 Proposui
1161 2971 1266 3012 olim
1305 2970 1627 3027 διῳκημένα,
1667 2971 1749 3011 i.e.
1788 2979 1900 3020 quae
1935 2969 2028 3011 dra·

321 3040 453 3079 matis
480 3041 677 3089 personis
705 3039 891 3079 antehac
918 3039 1166 3079 acciderant
1190 3042 1235 3079 et
1260 3039 1580 3090 spectatoribus
1605 3039 1855 3080 necessario
1870 3037 2031 3089 exponi

318 3106 495 3157 debent,
539 3111 585 3147 ut
620 3107 844 3156 Euripides
877 3107 1147 3156 tragicorum
1179 3106 1442 3157 Antiphanis
1473 3109 1621 3148 aetate
1652 3107 1810 3158 populo
1841 3105 2028 3147 dilectis·

318 3174 459 3214 simus
505 3176 614 3215 satis
662 3174 829 3224 prolixe
870 3175 1011 3215 facere
1051 3173 1236 3225 assolet,
1279 3174 1455 3224 qualem
1494 3175 1765 3215 sententiam
1796 3174 2030 3225 imperiose

322 3242 541 3290 postulant
586 3243 681 3292 ipsa
721 3243 950 3291 sequentia.
989 3240 1036 3281 τὰ
1077 3246 1155 3282 νῦν
1187 3243 1378 3294 παρόντα.
1426 3243 1564 3293 Quam
1607 3243 1905 3284 coniecturam
1935 3251 2027 3293 pro·
