2216 3522
1040 223 1111 259 Π]

251 350 338 380 non
369 343 480 390 nego
513 341 579 387 (cf.
607 342 712 382 Poll.
742 342 783 380 II
819 344 935 393 136),
969 344 1045 383 sed
1078 354 1161 392 quo
1196 345 1323 393 pacto
1356 355 1511 384 versus
1544 345 1655 385 alter
1686 348 1786 395 apte
1817 348 1957 387 redin-

252 409 490 458 tegrandus
522 410 581 448 sit
609 410 742 449 fuerit
768 410 1067 451 indicandum.
1096 411 1189 451 Hoc
1216 412 1378 451 saltem
1405 415 1523 452 recte
1548 414 1728 462 agnovit
1743 414 1957 455 Headlam

254 477 353 526 post
384 477 520 516 verba
548 482 705 529 πρῶτον
736 483 866 532 σιωπῇ
899 481 979 524 (vs.
1009 479 1049 525 7)
1076 479 1201 528 sequi
1228 479 1430 520 debuisse
1456 481 1745 530 respondendi
1762 481 1956 523 verbum.

252 543 359 583 Vide
391 546 540 585 autem
573 555 628 585 an
660 546 755 585 eius
787 546 967 586 invento
999 547 1064 586 sic
1095 547 1158 586 uti
1191 547 1341 598 liceat,
1376 550 1426 588 ut
1456 549 1678 598 legamus:

548 612 710 666 ἔκρουσε
741 614 979 654 πουλύπουν
1009 611 1096 666 τιν’,
1133 628 1182 666 <,
1207 611 1268 654 εἴτ’
1305 614 1542 668 ἀπεκρίνατο

516 711 521 715 -
549 680 717 732 μόλις>,
748 679 770 721 ὃ
803 678 837 721 δ’
875 681 1100 735 ἕπρήσθην,
1125 681 1193 722 καὶ
1223 679 1325 723 τόδ’
1361 682 1410 723 οὐ
1441 687 1572 723 λαλῶν
1605 683 1675 723 ὅλα

548 747 595 787 τὰ
626 745 778 801 ῥήματ’,
809 748 907 788 ἀλλὰ
938 749 1142 802 συλλαβὴν
1174 749 1351 801 ἀφελών,
1375 747 1544 804 ’ττάρων

547 817 678 868 βολῶν
710 813 848 870 γένοιτ’
878 814 949 856 ἄν’
979 814 1023 868 (ἡ
1058 815 1100 856 δὲ
1132 815 1279 870 κέστρα’
1309 815 1404 859 εκτὼ
1435 815 1591 871 βολῶν·’
1628 817 1703 859 κτὲ.

251 883 458 924 Deinde
504 885 599 924 vix
645 886 958 935 respondit,
1008 886 1173 934 idque
1220 889 1372 935 (quae
1419 897 1507 927 res
1549 887 1827 927 furiosum
1874 899 1954 928 me

248 952 446 999 reddit)
489 954 590 992 cett.
636 954 718 992 Sed
754 954 943 994 fortasse
974 951 1039 991 καὶ
1072 952 1176 1004 τότε,
1206 956 1261 994 et
1291 956 1406 994 turn
1438 955 1545 1001 (scil.
1579 955 1750 1003 quando
1782 965 1954 1005 respon-

247 1020 334 1065 det)
380 1021 538 1060 melius
584 1021 845 1072 servabitur,
894 1032 994 1061 cum
1042 1023 1306 1071 praesertim
1358 1023 1504 1071 potius
1549 1019 1650 1063 τοῦτ’
1700 1026 1957 1074 expectetur

247 1098 382 1136 quam
424 1085 522 1127 τόδ’.
557 1111 610 1117 -
642 1088 793 1141 ττάρων
836 1091 956 1129 certa
998 1090 1172 1129 videtur
1213 1090 1366 1130 Kockii
1399 1091 1608 1131 correctio
1640 1102 1717 1140 pro
1748 1091 1954 1144 τεττάρων,

245 1165 326 1195 nec
356 1157 518 1196 rectius
550 1157 613 1196 Bl.
647 1157 779 1196 scribi
811 1158 942 1197 iussit
974 1157 1114 1209 τάρων.

185 1222 253 1263 Fr.
287 1224 356 1263 35.
405 1222 544 1275 ἔχειν
590 1225 817 1278 καθαρείως
865 1224 1089 1278 ἐγχελύδιόν
1137 1241 1172 1264 τι
1213 1224 1279 1264 καὶ
1311 1224 1387 1265 κτὲ.
1430 1226 1515 1266 Vix
1547 1237 1704 1267 Sanum
1740 1229 1808 1267 est
1839 1226 1949 1279 ἔχειν.

245 1290 441 1341 Propono
482 1293 688 1344 λαβεῖν,
726 1294 754 1334 i.
789 1305 825 1334 e.
869 1292 1081 1347 ἀγοράσαι,
1121 1294 1217 1334 coll.
1261 1295 1496 1334 Nicostrati
1527 1295 1579 1334 fr.
1614 1297 1652 1345 6,
1688 1296 1713 1334 2
1746 1294 1799 1346 μὴ
1828 1298 1950 1335 πολυ-

243 1361 377 1410 τελῶς,
422 1358 519 1399 ἀλλὰ
559 1361 803 1413 καθαρείως,
844 1362 1054 1402 δασύποδα
1086 1384 1140 1389 —
1183 1360 1382 1414 ἀγόρασον
1425 1360 1499 1401 κτὲ.
1542 1363 1685 1402 Etiam
1719 1363 1949 1412 Blaydesio

243 1429 497 1476 suspectum
539 1439 636 1469 esse
680 1439 799 1470 nunc
846 1431 969 1470 video
1017 1429 1135 1482 ἔχειν,
1182 1430 1254 1479 qui
1296 1431 1349 1470 de
1391 1441 1512 1470 more
1545 1431 1734 1480 plurima
1766 1432 1945 1471 conicit:

245 1493 401 1546 ἔσθειν,
441 1493 745 1546 ὠνοῦ’(ᾳυὶᾶῃ1
777 1498 878 1549 πρίω
890 1499 924 1545 ?)
956 1497 1052 1550 λαβέ
1083 1513 1172 1547 νυν,
1204 1496 1299 1549 λαβέ
1324 1513 1380 1547 τι,
1412 1499 1456 1537 in
1489 1498 1659 1538 ultimis
1691 1499 1948 1548 conspirans

242 1573 379 1613 paene
421 1575 608 1605 mecum.
642 1565 763 1605 Idem
796 1568 1024 1615 praeterea
1054 1566 1285 1616 postulans
1316 1581 1350 1604 τι
1391 1563 1416 1616 ἢ
1454 1567 1498 1605 et
1535 1576 1599 1606 vs.
1629 1567 1653 1605 2
1696 1564 1722 1617 ἢ
1764 1577 1839 1615 pro
1881 1564 1945 1605 καὶ

242 1632 457 1672 refellitur
503 1634 655 1673 eodem
697 1635 935 1674 Nicostrati
976 1624 1088 1686 loco,
1148 1645 1237 1674 vss.
1283 1635 1331 1683 3;
1376 1635 1425 1682 4;
1466 1637 1513 1688 53
1555 1634 1719 1673 rectius
1759 1634 1946 1673 fortasse

242 1710 307 1740 vs.
342 1702 366 1740 2
400 1701 617 1740 dubitavit
642 1702 694 1741 de
735 1702 877 1742 forma
922 1694 1217 1754 γλαυκινιδίου,
1259 1702 1358 1750 quia
1390 1702 1539 1741 nullus
1570 1702 1629 1741 sit
1663 1702 1795 1750 piscis
1826 1704 1945 1754 γλαυ-

238 1770 361 1815 κῖνος.
409 1768 601 1808 coniecit
646 1769 685 1807 τί
723 1784 789 1820 μοι
819 1768 824 1821 Ι
851 1767 877 1821 ἢ
920 1770 1023 1817 (imo
1064 1768 1144 1816 καὶ)
1186 1769 1439 1821 γλαυκιδίου,
1481 1771 1558 1809 aut
1597 1768 1635 1807 τί
1673 1766 1698 1820 ἢ
1731 1769 1832 1814 (imo
1864 1767 1945 1815 καὶ)

236 1837 557 1890 γλαυκισκιδίου,
597 1848 706 1887 quae
748 1838 888 1877 forma
919 1848 1137 1886 nusquam
1170 1837 1369 1887 traditur,
1403 1837 1581 1887 insuper
1610 1838 1777 1876 temere
1807 1837 1943 1885 requi—

238 1915 340 1946 rens
371 1904 567 1957 τεμάχιον.

178 1974 245 2013 Fr.
279 1974 348 2024 37,
378 1974 404 2013 4
437 1974 579 2014 deleto
611 1973 714 2013 οὕτω
747 1976 816 2020 (an
850 1984 995 2014 errore
1025 1973 1210 2023 repetito
1241 1983 1298 2012 ex
1328 1983 1393 2012 vs.
1427 1974 1509 2022 3?),
1543 1974 1643 2021 apte
1674 1972 1911 2011 Headlam:

553 2040 690 2094 <πρὸς
722 2048 876 2084 τοῦτο)
912 2043 1036 2094 λῆρον
1067 2040 1135 2088 τὰς
1169 2040 1378 2093 ῥαφάνους
1411 2041 1564 2091 δοκεῖν,

234 2110 347 2158 quod
387 2110 514 2159 longe
556 2110 751 2159 praefero
794 2110 998 2159 Madvigii
1036 2110 1313 2149 coniecturae
1353 2107 1497 2148 <τὸν>
1532 2110 1668 2159 λῆρον,
1708 2106 1804 2145 ὥστε
1842 2121 1871 2145 τ.
1904 2105 1937 2158 ρ.

232 2179 355 2229 λῆρον
387 2176 520 2216 δοκεῖν
552 2179 596 2217 et
627 2178 812 2217 aliorum
845 2178 1122 2218 commentis.
1166 2176 1387 2225 Blaydesii
1416 2175 1666 2215 tentamina
1698 2174 1796 2214 vide
1828 2175 1940 2224 apud

238 2245 382 2294 ipsum
414 2256 453 2294 p.
492 2246 589 2285 142.

179 2312 245 2351 Fr.
275 2313 343 2362 38,
365 2313 404 2352 2.
436 2315 575 2364 πρῖνος
603 2314 647 2352 et
671 2312 846 2364 κόμαρος
873 2312 1145 2362 copulantur,
1174 2313 1223 2351 ut
1248 2312 1292 2350 in
1319 2310 1468 2360 Eupol.
1497 2311 1538 2349 II
1564 2311 1650 2349 426
1674 2310 1726 2349 M.
1756 2310 1863 2356 (BL).
1884 2332 1937 2338 —

236 2380 310 2419 Vs.
344 2381 383 2420 3.
422 2377 485 2431 <ἡ
518 2376 553 2419 δ’
590 2375 682 2422 αὖ>
719 2381 879 2432 κράνειαι
911 2378 983 2419 κτὲ.
1017 2381 1146 2420 idem.
1181 2380 1445 2428 Expectatur
1476 2388 1583 2417 sane
1615 2377 1840 2416 articulus.

177 2447 245 2487 Fr.
279 2448 348 2498 40,
386 2449 405 2487 1
441 2448 502 2487 Bl.
534 2458 620 2488 non
652 2448 767 2487 male
800 2446 933 2486 ἔλαιον
974 2447 1044 2487 vel
1075 2443 1100 2485 τ’
1138 2448 1228 2493 (aut
1244 2443 1293 2498 γ’)
1325 2444 1476 2495 ἔλαιον,
1507 2445 1590 2484 nisi
1618 2445 1728 2484 forte
1753 2442 1938 2483 τοῦλαιον

236 2516 507 2555 contractum
549 2517 618 2555 est
659 2526 713 2555 ex
754 2530 813 2554 τοι
852 2514 996 2554 ἔλαιον.
1037 2515 1122 2554 Res
1154 2515 1198 2553 in
1231 2515 1312 2554 hac
1338 2514 1574 2562 fragmenti
1606 2512 1820 2552 brevitate
1851 2522 1936 2552 non

235 2585 382 2633 potest
412 2583 652 2623 diiudicari.

177 2651 242 2690 Fr.
277 2651 347 2701 45,
397 2661 495 2690 cum
543 2651 663 2690 nulla
703 2650 762 2690 sit
804 2651 988 2690 Arsenio
1030 2650 1155 2698 fides,
1199 2649 1291 2688 iure
1333 2647 1577 2687 O.Crusius
1618 2647 1731 2686 inter
1771 2646 1936 2686 incerta

234 2718 498 2758 incertorum
545 2718 794 2767 fragmenta
840 2717 1172 2766 relinquendum
1214 2715 1354 2755 fuisse
1400 2716 1542 2764 putat;
1586 2715 1690 2753 item
1734 2714 1813 2763 Bl.‚
1863 2715 1935 2760 qui

232 2786 455 2825 Plutarchi
488 2785 722 2825 lectionem
754 2788 862 2824 κεῖθι
893 2786 1109 2834 tragicum
1142 2783 1334 2823 indicare
1365 2784 1483 2821 recte
1516 2782 1692 2820 iudicat.

176 2853 243 2893 Fr.
276 2855 346 2893 46.
588 2851 678 2904 οὐχ
710 2851 1073 2904 ὑποστρώσεις
1104 2851 1197 2890 ποτὲ
1225 2846 1230 2901 Ι
1259 2850 1478 2901 τρίκλινονς

235 2921 340 2971 Quid
373 2922 432 2961 sit
457 2919 786 2972 ὑποστρωννύναι
821 2918 979 2971 δέμνια,
1013 2917 1191 2970 λέκτρον,
1223 2917 1386 2956 similia
1418 2916 1644 2965 intellego,
1676 2914 1752 2954 sed
1786 2914 1933 2953 absur-

233 2989 337 3028 dum
383 2990 452 3029 est
497 2987 829 3039 ὑποστρωννύναι
875 2987 1083 3039 τρίκλινον.
1130 2987 1243 3025 Num
1291 2986 1402 3024 forte
1449 2982 1506 3022 οὐ
1554 2983 1613 3022 σύ
1659 2996 1737 3021 τοι
1780 2984 1829 3028 (S.
1868 2980 1933 3031 δὴ)

233 3055 479 3108 στρώσεις
511 3053 618 3095 κτὲ“.ἳ>
650 3055 711 3095 Cf.
740 3055 889 3104 Polyb.
925 3055 992 3103 31,
1029 3056 1068 3103 4,
1104 3055 1128 3092 3
1162 3052 1327 3104 ἔστρωτο
1361 3047 1398 3089 δ’
1429 3049 1482 3097 εἰς
1510 3049 1678 3101 εὐωχίαν
1702 3049 1803 3101 χίλια
1829 3048 1931 3100 τρίκ-

230 3126 331 3162 λινα.
365 3124 565 3162 Socrates
597 3123 733 3162 Rhod.
778 3133 846 3172 ap.
891 3122 1049 3161 Athen.
1085 3120 1142 3159 lV
1182 3131 1220 3168 p.
1260 3119 1338 3158 147
1371 3119 1401 3157 F
1445 3116 1598 3156 δώδεκα
1639 3117 1814 3169 τρίκλινα
1847 3116 1931 3155 δια-

231 3190 453 3241 στρώσασα,
486 3191 598 3230 unde
629 3191 764 3230 etiam
796 3190 959 3239 possis,
993 3189 1069 3228 sed
1103 3188 1250 3227 minus
1283 3187 1452 3235 leniter,
1482 3184 1530 3224 οὐ
1558 3184 1808 3236 διαστρώσεις
1834 3181 1931 3230 κτέ.;

173 3258 239 3297 Fr.
273 3245 373 3337 ‘1¹49.
406 3255 725 3310 διαπαρθέν(ε)ια
758 3257 867 3309 δῶρα
900 3256 1027 3295 mant
1059 3255 1261 3303 Blaydes.
