2216 3522
1081 219 1138 257 44

233 342 299 381 Fr.
332 342 432 382 437.
466 342 527 382 Bl.
562 342 712 382 Kockii
743 342 1093 391 interpretationi
1125 341 1400 392 adversatur,
1434 344 1613 383 vertens
1637 345 1718 390 τοῖς
1742 339 1888 394 ἑτέροις
1922 342 1991 394 ‚in

286 408 439 448 favour
478 409 526 448 of
557 410 631 449 the
662 410 787 449 other
818 410 989 458 party,”
1022 411 1283 458 suspectans
1314 411 1466 450 tamen
1498 410 1710 450 traditam
1740 409 1991 451 lectionem.

289 476 339 515 In
371 476 496 515 Add.
530 487 568 526 p.
603 477 687 516 312
720 476 793 516 eft.
828 476 1049 517 Menandr.
1086 477 1187 517 537.

230 543 298 583 Fr.
332 543 430 583 440.
463 540 621 592 ὀβολίας
654 544 934 593 grammatici
965 554 1158 584 errorem
1191 554 1268 593 pro
1300 540 1456 595 ὀβελίας
1487 544 1609 585 ducit
1639 545 1703 585 Bl.

231 610 298 649 Fr.
331 611 431 659 451,
466 611 505 650 2.
538 611 608 650 Sic
639 610 746 650 Ach.
778 611 863 650 759
895 613 940 651 et
971 611 1097 651 Alex.
1135 611 1220 651 248
1253 607 1342 661 παρ’
1377 608 1481 662 ἡμᾶς
1513 611 1619 651 οἰκεῖ
1643 612 1753 658 (ΒΙ.).

230 676 296 716 Fr.
330 678 428 717 452.
461 680 578 727 λῆρος
610 676 733 724 πολὺς
764 688 787 718 e
819 678 1000 718 Luciani
1032 678 1133 719 dial.
1168 680 1299 718 mort.
1332 678 1418 718 XX
1448 679 1474 718 2
1507 679 1637 719 affert
1667 679 1733 719 Bl.

230 744 296 783 Fr
329 745 428 784 453.
462 745 525 784 Bi.
558 747 781 794 praeterea
813 745 885 785 cft.
920 745 1124 786 Philostr.
1157 746 1295 796 Epist.
1331 747 1991 798 11;Boisson.Anecd.1156;

288 811 397 851 Plat.
431 812 558 862 Legg.
592 812 828 861 11666A;
861 812 959 852 Eur.
993 812 1112 862 Cycl.
1147 813 1247 853 423.

230 879 296 918 Fr.
330 881 429 919 458.
464 879 524 919 Ut
554 879 778 931 πορνότριψ
810 881 854 920 et
886 879 1071 931 οἰκότριψ
1103 881 1212 928 (BL).
2035 916 2042 933 .

230 946 296 987 Fr.
329 948 429 987 459.
463 947 804 998 θησομύζειν.
846 948 942 989 Non
983 948 1148 989 sufficit
1181 949 1435 990 coniectura
1465 949 1855 1002 θησ<ειο>μύζειν,
1885 959 1992 991 nam

287 1015 467 1063 antiqua
496 1015 783 1065 componendi
815 1016 927 1056 ratio
957 1016 1152 1065 postulat
1182 1017 1577 1067 θησειομυξεῖν.

229 1081 295 1122 Fr.
328 1083 427 1122 461.
668 1080 891 1135 ἐγευσάμην
921 1082 1066 1135 χορδῆς
1099 1080 1121 1123 ὁ
1153 1083 1350 1135 δύστηνος
1381 1082 1543 1124 τέκνων·

667 1156 751 1198 πῶς
783 1148 900 1191 ἐσίδω
933 1150 1077 1204 ῥύγχος
1108 1149 1471 1202 περικεκαυμένονς

287 1217 592 1258 Infelicissime
638 1218 759 1259 Kock
804 1224 888 1266 πῶς
924 1215 1074 1269 <σφ’>
1120 1216 1237 1259 ἐσίδω
1279 1218 1424 1272 ῥύγχος
1465 1217 1824 1272 περικεκαυμένοςς
1863 1219 1992 1270 quasi

287 1294 389 1325 vero
413 1285 628 1334 Thyestes
653 1286 813 1326 liberos
840 1286 929 1326 iam
957 1296 1086 1327 assos
1117 1286 1315 1327 elixosve
1342 1288 1387 1327 et
1417 1286 1582 1336 partim
1614 1297 1816 1328 comesos
1839 1287 1992 1328 etiam-

286 1353 382 1392 tum
428 1353 676 1402 conspicere
722 1356 892 1403 posset!
942 1353 1146 1404 vulgatis
1186 1354 1295 1394 nihil
1336 1357 1404 1394 est
1439 1354 1595 1394 sanius
1635 1356 1680 1395 et
1718 1354 1894 1395 facilius
1937 1355 1992 1396 ad

285 1419 646 1470 intellegendum,
679 1421 809 1461 modo
845 1421 899 1461 ad
935 1419 1052 1460 ἐσίδω
1084 1421 1332 1471 cogitemus
1358 1420 1401 1460 ἐν
1445 1420 1664 1478 κατόπτρῳ.
1697 1421 1992 1474 Quomodo,

287 1487 421 1527 miser
458 1488 700 1538 exclamat,
743 1489 981 1537 posthac
1021 1489 1280 1529 adustum
1317 1499 1498 1529 meum
1538 1490 1783 1529 rostrum
1815 1488 1991 1540 adspi-

286 1565 410 1595 cere
442 1556 787 1595 sustineam?
829 1556 1106 1596 Substantivi
1144 1555 1287 1609 ῥύγχος
1319 1557 1385 1597 sic
1416 1556 1602 1597 adhibiti
1633 1556 1851 1607 exemplis
1881 1556 1993 1597 adde

286 1621 475 1662 Herond.
511 1622 545 1660 V
576 1623 652 1671 413
687 1622 766 1662 VII
799 1625 838 1663 6.
871 1623 936 1663 Bl.
970 1623 1043 1664 cft.
1075 1623 1338 1676 αἰμορυγχιᾶν
1369 1624 1595 1674 Hermipp.
1628 1624 1700 1673 80,
1733 1624 1774 1664 2.

228 1689 295 1728 Fr.
329 1689 428 1728 463.
476 1689 536 1729 De
582 1688 677 1729 ficis
710 1690 876 1730 febrem
919 1691 1215 1732 excitantibus
1256 1691 1322 1731 Bl.
1365 1694 1594 1741 praeterea
1629 1691 1808 1742 Nicoph.
1853 1692 1907 1732 12
1948 1693 1993 1733 et

286 1756 439 1796 Eubul.
477 1758 574 1797 106.

228 1823 295 1863 Fr.
324 1825 410 1863 465
442 1826 477 1872 1,
498 1825 537 1864 2.
564 1825 687 1864 Idem
714 1824 943 1865 elisionem
971 1822 1089 1866 εἴκοσ’
1122 1826 1386 1867 addubitans
1412 1826 1599 1867 coniecit
1618 1826 1769 1866 εἴκοσιν
1791 1825 1995 1879 λογίζεται.

228 1890 295 1930 Fr.
328 1892 427 1931 469.
476 1892 617 1932 Schol.
661 1892 771 1932 Plat.
806 1893 892 1932 822
934 1892 1070 1934 Bekk.
1111 1891 1469 1945 παροιμία...ἐπὶ
1506 1899 1585 1933 τῶν
1625 1892 1694 1942 τὰς
1730 1892 1889 1946 πρώτας
1919 1908 1991 1945 μα-

286 1958 427 2009 θήσεις
452 1958 794 2010 ὑπερβαινόντων,
825 1957 1058 2010 ἁπτομένων
1090 1958 1132 2000 δὲ
1164 1966 1242 2000 τῶν
1273 1960 1467 2012 μειζόνων
1498 1959 1584 2001 καὶ
1615 1959 1713 2014 ἤδη
1743 1966 1823 2001 τῶν
1851 1962 1994 2002 τελειο-

284 2024 407 2077 τέρων
437 2024 511 2065 κτὲ.
552 2027 730 2066 Inutilis
762 2027 870 2066 mihi
910 2028 1084 2068 videtur
1118 2027 1354 2069 Headlami
1385 2029 1495 2070 coni.
1526 2027 1553 2081 ἢ
1585 2028 1651 2069 δεῖ
1673 2026 1741 2069 καὶ
1771 2028 1843 2070 vel
1877 2026 1916 2082 ἤ.
1947 2028 1995 2070 si

284 2093 385 2142 quid
417 2094 697 2144 mutandum,
730 2096 1107 2145 transponendum
1149 2093 1246 2147 ἢδη
1276 2095 1380 2147 καὶ,
1420 2098 1498 2138 sed
1525 2097 1569 2138 in
1595 2097 1808 2148 scriptore
1836 2106 1993 2148 parum

285 2160 473 2210 eleganti
506 2163 651 2211 potius
683 2162 791 2202 nihil
826 2164 1052 2203 mutarim.

230 2227 295 2267 Fr.
327 2228 428 2277 472,
462 2230 501 2268 2.
535 2229 599 2269 Bl.
633 2230 718 2269 313
750 2239 815 2279 sq.
850 2230 966 2271 male
997 2230 1209 2271 sollicitat
1239 2237 1404 2283 χυτρεᾱν
1437 2233 1482 2272 et
1507 2231 1713 2272 σκαλεύειν
1738 2233 1785 2273 in
1809 2232 1862 2274 fr.
1890 2232 1992 2273 481.

228 2295 294 2334 Fr.
324 2296 423 2335 478.
467 2297 646 2336 Frustra
686 2299 784 2346 post
827 2298 1042 2339 Kockium
1085 2299 1126 2339 h.
1160 2299 1188 2340 l.
1220 2299 1480 2340 sollicitavit
1505 2299 1583 2340 Bl.‹
1609 2300 1727 2341 Bene
1765 2300 1993 2351 vulgatam

285 2363 478 2403 defendit
522 2364 672 2404 Nauck
720 2365 814 2404 Mel.
864 2365 921 2405 VI
963 2376 1003 2415 p.
1047 2366 1117 2416 79,
1167 2367 1310 2406 citans
1357 2367 1564 2418 exempla
1610 2367 1743 2408 huius
1787 2376 1896 2408 usus
1939 2366 1992 2408 ad

288 2430 418 2480 Soph.
453 2432 518 2471 Αἰ.
555 2432 656 2472 726.

228 2498 294 2537 Fr.
327 2500 425 2538 479.
460 2499 639 2540 Frustra
668 2498 862 2551 προσέκαε
888 2501 952 2541 Bl.
986 2511 1063 2551 pro
1094 2500 1169 2554 γὰρ
1200 2508 1281 2541 κᾶε.
1302 2524 1355 2532 -
1374 2503 1687 2553 Aristophanis
1717 2504 1866 2543 aetate
1889 2512 1993 2544 non·

287 2566 390 2605 dum
425 2566 551 2614 κάειν,
589 2570 637 2607 ut
678 2570 849 2619 postea,
891 2569 968 2609 sed
1010 2568 1139 2608 καίειν
1179 2569 1477 2611 Athenienses
1514 2571 1745 2622 scripsisse
1776 2569 1994 2611 videntur.

288 2633 472 2674 Versum
505 2645 590 2675 non
622 2635 847 2686 intellego.

228 2701 294 2741 Fr.
327 2702 427 2742 480.
460 2701 589 2754 ὥσπερ
625 2704 844 2751 [κόσκινον]
879 2703 1093 2756 αἰρόπινον
1122 2702 1312 2757 τέτρηται.
1362 2705 1538 2755 Optime
1578 2706 1804 2756 glossema
1831 2704 1997 2747 delevit

287 2769 424 2818 Kock,
458 2770 535 2810 sed
569 2771 669 2820 quid
701 2771 786 2811 sibi
820 2771 929 2812 velit
960 2772 1228 2812 coniectura.

528 2834 671 2879 <ὃδ’>
708 2838 838 2890 ὥσπερ
870 2838 1083 2889 αἰρόπινον
1115 2838 1293 2891 τέτρηται
1331 2838 1434 2888 (τὰς
1465 2839 1683 2893 γνάθους)

288 2903 446 2943 vellem
478 2904 678 2946 dixisset.
722 2906 781 2947 De
820 2907 1022 2957 plurimis
1052 2907 1174 2948 enim
1205 2907 1336 2948 rebus
1368 2908 1474 2948 cribi
1505 2908 1559 2948 ad
1591 2908 1733 2948 instar
1764 2906 1997 2958 perforatis

286 2971 465 3019 cogitari
505 2976 667 3024 potest,
710 2973 971 3015 difficillime
1008 2985 1111 3015 vero
1142 2975 1195 3015 de
1227 2974 1438 3015 maxillis.
1469 2974 1531 3016 De
1560 2975 1739 3016 homine
1764 2974 1996 3016 vulnerato

285 3037 447 3077 crebris
478 3039 665 3080 telorum
693 3043 853 3082 ictibus
878 3052 1025 3083 sermo
1053 3052 1150 3082 esse
1177 3042 1337 3092 potuit,
1371 3045 1421 3082 ut
1450 3043 1494 3082 in
1522 3043 1757 3083 notissimo
1788 3041 1996 3093 Aeschyli

285 3104 379 3144 loco
420 3106 462 3144 in
504 3108 836 3156 Agamemnone
866 3110 985 3156 (868)
1031 3108 1208 3161 τέτρηται
1249 3109 1413 3150 δικτύου
1457 3108 1596 3160 πλέον,
1642 3110 1705 3150 ita
1746 3112 1796 3150 ut
1841 3119 1995 3151 verum

286 3182 383 3212 esse
425 3175 561 3222 possit
598 3173 653 3214 (ὃ
686 3172 903 3227 ὀ’>ῶσπερ
935 3177 1149 3228 αἰρόπινον
1181 3175 1378 3229 τέτρηται,
1409 3180 1509 3227 post
1540 3187 1651 3227 quae
1684 3178 1815 3218 verba
1840 3178 1995 3219 statim

286 3249 400 3279 nova
428 3244 652 3282 sententia
684 3247 838 3284 secuta
871 3245 943 3285 sit.
