2216 3522
1072 211 1152 249 141

289 339 365 369 cur
395 332 590 380 praestet
613 342 700 372 non
727 334 867 375 video.
906 359 954 364 —
985 336 1058 376 Vs.
1088 338 1128 377 5.
1157 337 1279 377 Idem
1306 337 1445 390 στέρνα
1475 336 1504 378 τ’
1539 338 1808 391 ἠμφιεσμένας
1840 346 1990 383 contra

288 398 571 439 sententiam.
590 421 644 428 —-
661 400 735 440 VS.
761 402 827 443 10.
854 403 1131 444 Revocabam
1160 403 1214 455 μὴ
1230 402 1380 455 κλίμακ’
1402 406 1686 458 αἰτησάμενον,
1716 409 1744 448 i.
1771 420 1807 449 e.
1834 411 1990 450 scala

288 466 483 506 mutua
509 470 749 517 sumpta.
790 469 975 511 Peccare
1004 471 1205 511 Meinekii
1242 473 1539 514 coniecturam
1582 477 1733 514 contra
1778 476 1990 527 Hilbergii

285 529 394 582 (Das
438 533 611 584 Princip
657 535 733 575 der
779 537 1144 588 Sylbenwagung)
1190 539 1333 588 legem
1375 541 1691 582 animadvertit
1731 543 1894 584 Nauck.
1934 568 1987 573 -—

287 599 362 640 Vs.
413 602 480 641 11.
538 599 681 641 εἰσδῦν’
741 602 797 651 εἰς
851 603 992 657 στέγην
1049 606 1160 646 citra
1217 608 1528 648 necessitatem
1578 609 1644 649 Bl.
1693 632 1746 638 -
1794 610 1869 650 Vs.
1921 613 1987 652 13.

287 667 516 710 Eustathio
546 670 656 710 bene
685 671 802 711 idem
832 673 1027 713 restituit
1057 671 1320 724 εἷσέλκουσαι,
1346 676 1390 714 et
1419 673 1618 726 ἐρωμένου
1650 679 1727 716 aut
1756 675 1906 729 ἐρώσης
1945 682 1989 719 et

286 745 352 776 vs.
388 737 441 777 15
477 737 530 777 de
558 738 745 790 πατρίδια
777 740 850 780 cst.
883 741 1166 791 Theophil.4,
1200 743 1249 790 3;
1283 742 1356 782 Ar.
1389 743 1518 793 Vesp.
1552 745 1638 784 968
1670 746 1715 784 et
1754 746 1807 785 ad
1839 757 1903 786 vs.
1935 748 1987 787 17

288 803 470 845 Philem.
504 807 544 856 4,
581 807 649 847 15.
687 807 796 847 Cum
837 809 990 849 eodem
1030 808 1141 849 facio
1181 810 1442 859 praeferenti
1482 811 1682 851 Meinekii
1722 813 1986 853 sententiam

286 871 440 912 Kockii
480 875 777 915 emendationi
816 874 972 926 ψωλὴν,
1013 887 1113 916 cum
1145 878 1405 926 praesertim
1437 877 1594 918 δεδιότα
1626 880 1759 919 etiam
1791 881 1987 930 transpo-

285 939 422 979 situm
453 942 584 981 metri
616 952 751 982 causa
781 953 808 982 a
836 943 1056 984 Dindorfio
1087 945 1273 994 turpiter
1302 945 1505 986 abundet.
1703 981 1707 986 .

226 1005 295 1046 Er.
329 1007 369 1056 7,
403 1008 444 1047 4.
476 1008 658 1049 Temere
689 1010 753 1050 Bl.
791 1011 1144 1062 θυμοσοφώτερον.
1178 1034 1231 1040 —-
1265 1012 1339 1051 VS.
1377 1014 1429 1052 14
1471 1011 1622 1060 εὐθέως
1662 1011 1761 1064 ἄρας
1800 1014 1987 1055 fortasse

283 1076 402 1114 recte
431 1075 567 1125 idem,
600 1079 645 1116 et
675 1088 741 1118 νε.
778 1078 830 1117 17
865 1088 966 1118 cum
997 1078 1073 1119 illo
1104 1079 1289 1128 legerim
1320 1080 1467 1129 potius
1497 1075 1611 1127 εἶπας
1642 1090 1773 1130 quam
1805 1076 1920 1128 εἶπες.

224 1141 294 1182 Fr.
327 1142 368 1192 8,
404 1143 442 1182 1.
475 1143 710 1194 Headlam,
743 1145 840 1185 coll.
872 1146 972 1185 Eur.
1004 1146 1066 1185 El.
1100 1147 1201 1196 336,
1234 1145 1436 1197 <αἰσχρὸν
1466 1145 1581 1199 yde>
1613 1146 1654 1186 εἴ
1677 1163 1733 1194 τις
1765 1146 1822 1187 ὢν
1853 1146 1984 1196 ἁλιεὺς

283 1208 434 1259 σοφίαν
474 1208 615 1263 ἄκρος,
655 1212 816 1252 melius
857 1223 989 1261 quam
1030 1213 1096 1253 Bl.
1133 1212 1306 1252 <δεινὸν
1337 1212 1449 1265 γάρ>
1487 1213 1523 1253 εἰ
1561 1211 1634 1265 μὲν
1675 1212 1732 1253 ὢν
1762 1214 1850 1263 anfi,
1879 1226 1983 1256 nam

282 1278 531 1325 pronomini
557 1277 782 1318 indefinito
807 1279 929 1319 locus
956 1282 1041 1330 est,
1074 1291 1161 1321 non
1193 1283 1261 1321 est
1290 1281 1528 1330 particulae
1560 1278 1632 1332 μὲν
1664 1278 1731 1327 (ef.
1759 1293 1824 1322 vs.
1853 1284 1907 1329 2).
1929 1306 1982 1311 —

284 1343 359 1384 VS.
393 1346 418 1385 5
449 1346 663 1386 inutiliter
693 1347 757 1386 Bl.
795 1348 920 1389 <B.>
955 1347 1078 1387 καλόν
1108 1344 1139 1400 γ’
1174 1345 1226 1386 ἂν
1257 1348 1317 1399 εἴη
1354 1348 1553 1401 <πρᾶγμά
1583 1359 1701 1388 σοι).

223 1474 477 1531 Theophili
508 1480 560 1519 fr.
598 1481 635 1529 1,
670 1481 710 1520 3.
757 1480 840 1520 Pro
875 1476 983 1519 εἶδον
1020 1481 1232 1520 Richards
1273 1479 1386 1536 ᾔδειν
1416 1481 1486 1520 vel
1516 1479 1615 1535 ᾔδη,
1645 1491 1721 1529 pro
1772 1492 1857 1530 quo
1887 1492 1980 1522 sen-

282 1541 426 1586 tentia
464 1546 707 1596 postularet
747 1543 848 1586 οῖδα.
889 1547 1204 1598 corrigendum
1245 1548 1432 1589 arbitror
1461 1547 1606 1600 ἔγνων,
1646 1550 1901 1599 cognovi,
1934 1552 1983 1589 ut

281 1610 438 1663 ἔμαθον
465 1616 509 1654 et
534 1611 720 1665 ἐμυήθην
746 1615 951 1664 leguntur
976 1616 1021 1655 in
1047 1616 1343 1665 sequentibus.
1364 1638 1417 1644 —
1435 1615 1509 1655 VS.
1531 1617 1567 1655 1.
1594 1616 1788 1656 Meineke
1813 1618 1980 1665 postea.

282 1681 442 1721 melius
473 1683 656 1722 coniecit
687 1681 788 1731 δρᾶν
818 1681 1089 1734 βουλήσομαι;

224 1746 293 1787 Fr.
328 1749 369 1788 5.
402 1748 464 1789 Cf.
496 1750 665 1799 Nauck,
698 1750 794 1790 Mel.
826 1750 887 1789 VI
921 1752 1018 1790 101.

221 1813 290 1854 Fr.
323 1816 364 1855 6.
398 1816 568 1856 Mecum
600 1816 664 1856 Bl.
697 1823 749 1871 τῷ
779 1827 856 1867 pro
887 1815 964 1867 ἐνὶ,
995 1817 1092 1857 coll.
1125 1817 1390 1867 Theognidis
1419 1817 1527 1857 loco.

219 1881 287 1921 Fr.
322 1883 362 1922 7.
395 1882 617 1923 Violenter
646 1884 711 1924 Bl.
739 1882 1085 1936 στρεβλουμὲνους.
1113 1885 1375 1934 Suspectum
1402 1886 1552 1924 tamen
1568 1881 1838 1934 καθημένους.
1864 1884 1977 1923 Num

276 1950 389 1990 forte
422 1949 771 2001 κατακειμένουςῖ.
813 1952 973 1993 Totum
1015 1963 1120 1993 vero
1161 1953 1459 2002 fragmentum
1490 1952 1599 1992 mihi
1631 1952 1864 1991 obscurum
1896 1954 1977 1991 est.

275 2018 503 2058 Athenaeo
548 2018 613 2058 Bl.
655 2018 765 2059 bene
796 2020 975 2060 reddere
1007 2020 1180 2060 videtur
1210 2027 1257 2075 τῇ
1293 2019 1481 2071 μαγάδιδι
1521 2019 1707 2069 ψάλλειν,
1747 2019 1835 2058 nisi
1867 2018 1978 2058 forte

276 2087 473 2135 praestat
502 2092 550 2141 τῇ
579 2086 854 2138 μαγάδκδι>
892 2086 1140 2136 διαψάλλειν.

215 2152 283 2192 Fr.
316 2154 357 2193 9.
390 2149 436 2192 ἔτ’
471 2164 547 2203 pro
578 2149 641 2192 εἶτ’
675 2154 746 2194 hic
777 2156 823 2194 et
851 2154 1013 2204 Diphili
1044 2155 1096 2194 fr.
1130 2155 1183 2194 57
1218 2154 1306 2201 (ubi
1337 2154 1410 2194 cft.
1443 2153 1571 2202 Vesp.
1606 2153 1706 2199 480)
1734 2154 1810 2192 aut
1837 2166 1875 2190 τε
1901 2163 1976 2201 pro

275 2217 347 2270 μέν
392 2220 457 2260 Bl.
499 2221 611 2261 Illud
656 2221 925 2270 speciosum,
967 2222 1042 2261 sed
1084 2222 1135 2261 de
1175 2222 1325 2270 paucis
1365 2221 1510 2260 verbis
1551 2220 1660 2259 nihil
1701 2220 1808 2259 certi
1840 2219 1977 2258 statui

278 2288 436 2336 potest.
457 2309 509 2316 —
528 2288 578 2327 In
603 2288 655 2327 fr.
683 2289 749 2337 10,
770 2289 795 2327 2
822 2290 941 2327 recte
967 2289 1235 2328 comicorum
1261 2297 1383 2328 more
1409 2289 1521 2325 πλεῖν
1537 2287 1718 2335 requirit
1743 2297 1820 2335 pro
1844 2284 1977 2325 πλέον.

221 2353 290 2392 Fr.
328 2355 395 2394 11.
634 2359 705 2393 τοῦ
736 2354 790 2405 μή
822 2351 903 2393 ποτ’
940 2353 1065 2394 αὐτὸν
1096 2353 1279 2405 ἐμπεσεῖν
1310 2354 1365 2401 εἰς
1397 2353 1532 2393 Λαΐδα

634 2420 857 2474 φερόμενον
886 2419 912 2474 ἢ
944 2418 1158 2473 Μηκωνίδ’
1194 2419 1221 2474 ἢ
1252 2421 1504 2472 Σισύμβριον

631 2486 659 2541 ἢ
689 2488 908 2542 Βάραθρον
937 2487 964 2541 ἢ
999 2489 1251 2538 Θάλλουσαν,
1280 2487 1306 2540 ἢ
1336 2490 1487 2528 τούτων
1516 2486 1605 2525 τινὰ

633 2550 699 2595 ὦν
731 2554 1054 2607 ἐμπλέκουσι
1086 2559 1197 2603 τοῖς
1227 2554 1399 2602 λίνοις
1428 2553 1470 2594 οἱ
1497 2552 1740 2605 μαστροποὶ,

632 2620 659 2674 ἢ
691 2623 928 2674 Ναννάριον
958 2621 985 2675 ἢ
1018 2622 1264 2673 Μαλθάκην.

276 2690 585 2730 Infelicissima
616 2691 683 2730 est
715 2700 787 2730 me
812 2690 951 2730 iudice
978 2690 1133 2730 Kockii
1165 2689 1415 2730 coniectura
1440 2682 1496 2727 ὧν
1522 2685 1719 2738 έμπολῶσι
1746 2689 1824 2732 τοῖς
1853 2684 1975 2737 νέοις,

277 2767 381 2797 nam
413 2757 576 2797 tradita
599 2757 730 2797 lectio
755 2758 849 2797 tam
875 2758 1047 2807 egregie
1074 2759 1176 2807 apta
1203 2758 1271 2795 est
1297 2758 1380 2802 ταῖς
1396 2754 1534 2806 παγίσι
1548 2759 1619 2793 τοῦ
1636 2753 1747 2805 βίου,
1773 2753 1973 2802 quemad-

277 2825 456 2864 modum
490 2824 676 2874 Amphis
706 2824 757 2864 fr.
792 2825 861 2874 23,
896 2825 922 2864 4
955 2824 1023 2870 (cf.
1057 2823 1278 2864 Menandri
1309 2823 1360 2862 fr.
1394 2822 1493 2870 689,
1528 2821 1567 2866 2)
1599 2820 1803 2860 hetaeras
1833 2819 1973 2869 appel-

274 2891 401 2942 lavit,
429 2895 479 2931 ut
504 2888 739 2941 ἐμπλέκουσι
764 2890 1054 2940 depravatum
1081 2900 1178 2930 esse
1199 2889 1252 2929 ab
1269 2889 1389 2928 omni
1406 2888 1637 2927 abhorreat
1652 2886 1972 2936 probabilitate,

276 2968 376 2999 cum
416 2958 676 3008 praesertim
715 2967 825 2997 usus
861 2957 982 2997 verbi
1019 2955 1199 3007 ἐμπεσεῖν
1232 2966 1296 2996 νε.
1334 2958 1353 2995 1
1388 2956 1477 2994 iam
1509 2954 1675 2994 alludat
1706 2954 1759 2993 ad
1790 2953 1972 2993 eandem

274 3026 526 3075 imaginem.
568 3025 691 3065 Idem
732 3025 856 3065 video
895 3026 1087 3064 sensisse
1129 3024 1209 3074 BL,
1256 3024 1380 3063 cuius
1425 3021 1584 3061 saltem
1625 3021 1872 3061 coniectura
1910 3014 1972 3066 αἷς

275 3090 510 3144 ἐμπλέκουσι
539 3091 632 3139 τοὺς
659 3090 793 3143 νέους,
818 3092 919 3132 licet
944 3102 998 3131 ne
1029 3092 1124 3141 ipsa
1150 3091 1324 3140 quidem
1351 3090 1454 3129 ferri
1484 3088 1641 3138 possit,
1674 3087 1971 3127 necessarium

279 3160 457 3200 verbum
488 3160 651 3199 servat.
684 3159 766 3199 Sed
798 3158 919 3199 nulla
949 3159 1127 3198 omnino
1160 3168 1269 3207 opus
1299 3159 1368 3197 est
1399 3155 1661 3205 mutatione,
1692 3154 1821 3195 modo
1848 3153 1970 3194 intel-

274 3228 474 3277 legamus
513 3227 760 3276 fragmento
801 3226 1106 3275 neglegentius
1137 3226 1360 3275 excerpto,
1399 3223 1512 3273 quod
1544 3223 1639 3272 ipsa
1669 3223 1811 3271 prima
1841 3220 1973 3261 verba
