2216 3522
1033 234 1089 273 89

237 356 387 406 fligare
411 357 496 396 sibi
528 359 652 398 visus
683 361 752 397 est
783 358 923 407 Kock,
955 360 1002 398 ut
1032 368 1139 398 suae
1170 359 1310 408 ipsius
1336 357 1664 412 τῴκονομημένα,
1690 368 1799 406 quae
1816 358 1945 396 lectio

240 423 348 463 mibi
387 425 563 473 quidem
604 426 790 465 obscura
830 428 918 475 est,
955 426 1073 466 viam
1104 428 1341 475 sterneret,
1385 425 1689 465 contendendo
1722 424 1945 479 διῳχημένα

237 501 376 539 neque
416 494 629 533 usitatum
662 504 760 533 esse
792 493 954 533 Atticis
987 504 1127 543 neque
1158 494 1408 534 sententiae
1438 493 1709 532 satisfacere.
1743 493 1944 532 Alterum

237 556 405 598 crimen
436 560 519 600 hac
549 561 825 610 expositione
857 562 1139 611 propulsasse
1171 562 1281 601 mihi
1312 561 1458 611 video,
1491 561 1613 610 prius
1643 561 1681 599 si
1707 561 1946 599 recentiore

239 626 505 676 Antiphanis
558 630 722 678 aetate,
780 639 865 678 qua
918 639 1054 679 purus
1110 629 1361 669 atticismus
1417 628 1629 677 gliscente
1672 627 1945 667 Hellenismo

237 693 405 733 ionicae
449 697 710 745 praesertim
757 696 933 736 dialecti
975 697 1198 736 vocabulis
1239 696 1635 744 contaminabatur,
1679 695 1794 734 haud
1834 695 1946 733 satis

239 763 476 801 excusatur
514 764 583 809 (cf.
617 763 731 803 infra
762 764 816 803 ad
849 764 968 813 211),
1009 765 1169 812 exiguo
1201 763 1419 803 scribendi
1451 763 1704 803 discrimine
1736 762 1945 800 substitui

240 829 401 877 poterit
430 829 476 868 τὰ
508 829 858 885 παρῳχημένα
889 831 1094 880 πρότερον.
1130 853 1182 859 -
1216 831 1291 871 VS.
1325 832 1395 871 20.
1434 831 1484 870 In
1516 830 1728 879 asyndeto
1761 830 1945 868 haerens

239 896 304 936 Bl.
349 894 401 935 ἂν
440 896 613 937 ander>
652 914 687 936 τι
728 899 877 938 minus
917 909 1152 938 numerose
1184 901 1262 944 aut
1292 895 1371 937 ἀλλ’
1406 897 1457 936 ἄν
1488 914 1523 936 τι
1565 908 1666 937 cum
1698 897 1944 936 sententiae

237 963 398 1003 damno
438 965 636 1005 coniecit.
669 965 789 1005 Idem
823 976 886 1004 vs.
921 966 976 1004 22
1008 966 1062 1005 ad
1099 966 1383 1005 verissimam
1414 965 1615 1005 Meinekii
1647 965 1941 1004 coniecturam

236 1026 347 1068 πάντ’
383 1031 693 1072 stabiliendam
726 1034 827 1082 apte
860 1033 934 1072 cft.
968 1033 1127 1083 Diphil.
1161 1034 1232 1083 30,
1266 1038 1307 1073 4.

179 1097 247 1137 Fr.
283 1098 379 1147 192,
398 1100 439 1138 4.
474 1099 674 1139 Probatis
700 1100 812 1139 meis
838 1103 917 1146 (vs.
938 1101 963 1139 2
982 1103 1026 1140 et
1043 1101 1084 1146 3)
1112 1100 1394 1150 coniecturiS,
1423 1100 1487 1139 Bl.
1516 1099 1767 1149 improbans
1790 1098 1943 1138 Kockii

238 1165 418 1216 βράττειν
453 1177 528 1215 pro
554 1166 703 1206 τάττειν
730 1168 822 1216 ipse
849 1171 993 1219 φαγεῖν
1020 1170 1065 1208 et
1086 1167 1274 1220 γεννικὴν
1299 1178 1376 1217 pro
1402 1173 1591 1220 γεννικῶς
1615 1169 1715 1216 apte
1744 1167 1942 1206 coniecit.

179 1232 246 1272 Fr.
283 1233 380 1283 193,
412 1235 450 1273 1.
481 1239 558 1284 μῦς
588 1245 665 1284 pro
697 1235 944 1283 antiquiore
977 1236 1092 1286 μύες,
1125 1238 1175 1276 ut
1207 1236 1320 1285 apud
1351 1236 1603 1275 Herondam
1631 1235 1695 1273 III
1722 1235 1791 1274 76.
1820 1234 1941 1273 Simi-

238 1300 338 1340 liter
376 1302 552 1351 saepius
593 1303 861 1342 recentiores
907 1303 1064 1343 comici
1104 1303 1222 1355 ἰχθῦς
1263 1304 1415 1343 dicunt
1454 1314 1531 1352 pro
1575 1303 1728 1354 ἰχθύες,
1774 1305 1823 1342 ut
1848 1302 1943 1353 ἰχθῦ

238 1378 313 1417 pro
344 1368 460 1419 ἰχθύε
491 1369 651 1418 legitur
681 1380 788 1409 mox
821 1370 865 1409 in
897 1367 949 1410 fr.
987 1371 1084 1421 194,
1123 1372 1189 1411 15.

181 1435 248 1474 Fr.
286 1437 383 1486 194,
419 1437 458 1476 2.
506 1435 636 1488 εἴρυσε
687 1437 828 1477 ionice
876 1438 940 1477 Bl.
981 1449 1058 1488 pro
1100 1439 1235 1478 attico
1281 1437 1444 1477 εἵλκυσε.
1493 1439 1596 1477 Fert
1640 1447 1746 1477 sane
1792 1447 1946 1476 versus

239 1503 511 1553 hexameter,
554 1504 631 1544 sed
671 1506 873 1544 mutandi
905 1516 1039 1545 causa
1069 1506 1191 1545 nulla
1222 1508 1303 1546 est.
1336 1528 1387 1533 -—
1425 1506 1500 1545 Vs.
1535 1506 1560 1544 3
1593 1507 1637 1544 et
1667 1498 1763 1554 ἧκεν
1795 1507 1874 1549 (vs.
1903 1506 1944 1549 4)

241 1571 376 1610 variis
416 1572 561 1611 modis
601 1574 747 1612 tentat
777 1573 892 1612 idem
929 1584 969 1622 p.
1007 1574 1110 1622 113,
1149 1573 1227 1613 sed
1259 1583 1345 1613 non
1377 1573 1543 1612 maiore
1575 1582 1782 1612 successu
1814 1582 1943 1620 quam

239 1638 408 1687 reliqui.
440 1639 618 1678 Ἀνιατὸν
650 1639 694 1679 τὸ
725 1639 881 1691 χωρίον.
916 1663 969 1669 —
1003 1641 1076 1680 Vs.
1114 1643 1166 1681 15
1199 1651 1291 1690 sqq.
1323 1641 1556 1680 traduntur
1587 1640 1716 1679 haec:

394 1708 431 1744 B.
465 1706 588 1758 πίννη
620 1705 687 1746 καὶ
718 1707 851 1760 τρίγλη
883 1706 1023 1758 φωνὰς
1054 1708 1150 1760 ἰχθῦ
1183 1698 1247 1747 δύ’
1282 1706 1500 1759 ἔχουσαι

459 1771 565 1814 πόλλ’
600 1773 786 1826 ἐλάλουν,
815 1774 905 1825 περὶ
937 1769 994 1814 ὧν
1025 1773 1069 1814 δὲ
1099 1774 1198 1827 πρὸς
1231 1774 1278 1814 ὅν
1308 1771 1335 1813 τ’
1370 1774 1496 1830 ᾤοντο
1528 1772 1654 1826 λέγειν
1688 1789 1722 1812 τι

461 1840 536 1881 οὐκ
567 1840 745 1882 ἐλάλουν·
776 1840 897 1882 οὐδὲν
927 1842 1002 1895 γὰρ
1036 1841 1279 1894 ἐμάνθανεν,
1308 1842 1432 1882 ὥστε
1462 1841 1562 1893 πρὸς
1593 1838 1639 1880 ὃν
1671 1839 1743 1892 μὲν

460 1903 512 1960 ἦν
544 1909 683 1957 αὐταῖς
717 1907 737 1948 ὁ
768 1909 907 1962 λόγος,
937 1910 1064 1961 πρὸς
1098 1907 1134 1949 δ’
1171 1908 1334 1957 αὑτὰς
1366 1909 1492 1948 πολλὰ
1524 1910 1722 1956 λαλούσας

461 1976 621 2025 αὐτὰς
654 1976 881 2028 ἀμφοτέρας
913 1975 938 2028 ἡ
972 1977 1164 2028 Δημήτηρ
1196 1976 1483 2028 ἐπιτρέψει.

239 2042 312 2082 Vs.
350 2045 416 2084 15.
449 2042 592 2096 ἐχούσα
623 2046 771 2085 nescio
803 2056 860 2085 an
891 2048 1010 2085 recte
1041 2046 1104 2085 Bl.
1141 2068 1191 2074 -
1228 2045 1302 2085 Vs.
1340 2046 1406 2085 17.
1440 2045 1518 2083 ἴστε
1553 2044 1619 2084 vel
1652 2046 1771 2098 λῷστε
1805 2043 1942 2082 Head-
2019 2068 2021 2071 .

239 2110 348 2159 lam;
382 2109 585 2161 ἐμάνθανε
627 2113 771 2162 τῶνδε,
806 2111 905 2163 πρὸς
937 2113 1109 2163 Kaibel,
1143 2113 1256 2162 quod
1288 2113 1499 2162 praefero.
1535 2134 1587 2141 —
1624 2112 1696 2151 Vs.
1733 2112 1799 2150 18.
1834 2111 1944 2149 Men-

240 2178 346 2218 dosa
390 2181 496 2219 sunt
543 2181 676 2220 verba
722 2179 821 2229 πρὸς
868 2176 905 2218 δ’
955 2178 1100 2230 αὑτὰς,
1140 2190 1226 2220 11011
1267 2181 1384 2219 enim
1432 2181 1516 2219 duo
1558 2180 1702 2229 pisces
1744 2180 1857 2218 inter
1898 2188 1945 2217 se

240 2246 608 2297 colloquebantur,
652 2248 727 2287 sed
770 2247 1061 2296 loquebantur
1101 2248 1155 2287 ad
1188 2247 1343 2297 alium,
1381 2249 1455 2296 qui
1495 2248 1600 2287 nihil
1635 2247 1791 2287 horum
1822 2245 1944 2285 intel-

240 2313 403 2353 lexisse
433 2314 606 2354 dicitur.
639 2314 954 2363 Corrigendum
987 2314 1195 2354 arbitror:

923 2381 1050 2432 πρὸς
1082 2378 1119 2420 δ’
1155 2380 1316 2428 αὐτὰς
1347 2380 1472 2421 πολλὰ
1505 2382 1703 2428 λαλούσας

477 2447 615 2495 [αὐτὰς
645 2448 745 2495 deb]
779 2446 1004 2499 ἀμφοτέρας
1037 2445 1060 2498 ἡ
1094 2449 1284 2500 Δημήτηρ
1317 2447 1579 2500 ἐπέτριψε.
1618 2448 1860 2487 <κάκιστα>

242 2514 336 2554 Non
376 2514 519 2555 solum
561 2516 599 2555 is
640 2516 709 2555 cui
740 2515 1028 2564 loquebantur
1059 2516 1167 2555 nihil
1201 2526 1351 2555 eorum
1384 2516 1686 2565 intellegebat,
1719 2516 1795 2555 sed
1827 2525 1943 2564 prae-

242 2583 362 2622 terea
407 2581 519 2633 (πρὸς
566 2579 620 2629 δ’)
669 2582 797 2623 Ceres
843 2583 961 2632 ipsos
1002 2583 1144 2632 pisces
1191 2585 1366 2632 propter
1407 2583 1717 2631 loquacitatem
1757 2583 1947 2632 pessime

241 2650 440 2699 perdidit.
483 2651 646 2690 Kockio
693 2650 874 2690 debetur
919 2648 1114 2700 ἐπέτριψε.
1161 2650 1266 2690 Post
1308 2650 1414 2690 haec
1460 2651 1512 2690 de
1558 2650 1726 2690 duabus
1767 2650 1945 2698 reliquis

279 2717 460 2766 laydesii
492 2718 822 2758 ariolationibus
853 2720 1003 2768 aperte
1035 2718 1160 2758 falsis
1192 2718 1351 2758 melius
1382 2718 1594 2757 silebitur.

58 2717 386 2834 Ᾰ195,
419 2786 458 2824 3.
505 2785 722 2824 τύπτεσθαι
769 2786 929 2836 μύδρος.
979 2786 1091 2835 Apte
1137 2786 1201 2825 Bl.
1245 2785 1318 2824 eft.
1362 2785 1520 2825 AeSCh.
1563 2785 1614 2824 fr.
1658 2786 1742 2824 307
1787 2787 1830 2824 et
1872 2785 1944 2823 Ar.

0 2836 51 2864 s
244 2851 353 2892 Nub.
386 2853 487 2893 422.
523 2875 574 2881 -
610 2853 684 2892 vs.
719 2854 742 2892 7

540 2920 715 2959 δειπνεῖν
746 2918 913 2970 ἄκλητος
945 2924 1061 2970 μυῖα,
1093 2918 1156 2970 μὴ
1186 2917 1414 2967 ’ξελθεῖν
1446 2918 1584 2970 φρέαρ.

248 2989 363 3026 Μυῖα
410 2988 634 3036 sagacis
681 2988 825 3036 imago
872 2990 941 3027 est
982 2988 1095 3037 apud
1137 2987 1459 3036 Philemonem,
1503 2987 1530 3026 i.
1563 2996 1599 3026 e.
1634 2986 1773 3025 Plaut.
1818 2985 1944 3025 Merc.

246 3054 333 3094 360
360 3054 408 3094 R.
452 3043 707 3094 Muscast⁴
738 3064 890 3094 meus
932 3056 1113 3103 pater:
1155 3054 1231 3092 nil
1264 3055 1453 3102 potest
1485 3054 1625 3093 clam
1665 3054 1821 3092 illurn
1866 3053 1942 3091 ha-

245 3121 361 3160 beri
402 3123 484 3161 etc.
514 3143 566 3148 —-
595 3120 658 3172 μὴ
699 3123 943 3169 ξελθεῖν].
987 3122 1097 3162 Cum
1141 3121 1371 3169 Blaydesio
1405 3121 1529 3160 video
1561 3131 1633 3160 me
1665 3120 1869 3160 incidisse
1901 3120 1945 3158 in

243 3188 427 3228 eandem
469 3189 765 3229 coniecturam
810 3188 874 3239 μὴ
916 3185 1188 3236 ’πιλιπεῐν,
1235 3190 1282 3227 ut
1325 3188 1514 3227 dicatur⁴
1540 3188 1679 3228 bonus
1726 3188 1946 3236 parasitus

243 3266 483 3305 numquam
515 3255 696 3296 deficere
728 3257 812 3296 nisi
843 3253 1144 3297 deficientibus
1175 3255 1282 3305 ipsis
1314 3256 1527 3295 conviviis
1558 3257 1603 3295 et
1634 3254 1944 3304 amphitryoni-
