2216 3522
1082 200 1164 240 139

240 315 469 361 Timoclis
498 319 551 360 fr.
586 321 626 371 8,
664 322 684 360 1
733 317 807 360 ὃσα
848 335 888 361 τε
917 327 996 361 τῶν
1036 329 1174 375 γενῶν.
1215 324 1309 363 Non
1350 323 1511 363 sufficit
1553 324 1705 364 Kockii
1751 326 2001 366 coniectura

301 383 375 424 ὅσα
415 381 443 424 τ’
487 385 621 426 αὐτῶν
657 386 771 440 γένη,
810 389 887 428 sed
928 389 981 429 ob
1029 390 1282 430 violentiam
1324 400 1482 440 parum
1513 391 1747 441 probabilis
1777 394 1846 431 est
1876 393 1998 441 Blay-

299 452 480 493 desiana
510 453 583 493 ὅσα
613 451 641 494 τ’
676 454 853 507 ἰχθύδια.
886 455 1197 506 Corrigendum
1230 458 1447 507 suspicor:

298 534 301 535 ⁷
452 524 454 526 ’
565 522 733 574 γαλεούς
769 534 887 564 <τε>
923 523 990 562 καὶ
1021 524 1186 575 βατίδας
1217 523 1244 563 δι’
1274 521 1301 563 τ’
1338 524 1539 575 ἰχθύων
1569 524 1691 577 γένη
1743 561 1745 563 ,

566 587 609 628 ἐν
640 586 866 646 ὀξυλιπάρῳ
897 591 1082 642 τρίμματι
1114 591 1351 639 σκευάζεται.

285 653 387 695 Ὅσα
418 656 546 697 facile
578 658 702 697 nasci
732 658 876 707 potuit
909 669 966 698 ex
996 670 1047 697 ασ
1078 674 1114 698 α.

238 723 308 764 Fr.
340 724 381 774 4,
414 724 455 763 3.
488 723 696 775 εἴληφεε
714 723 790 776 ἔχει
821 728 901 772 (vs.
939 727 976 771 1)
1013 726 1204 775 pessime
1231 727 1493 767 sollicitatur
1521 738 1546 767 a
1571 727 1736 768 Kockio
1762 730 1806 767 et
1833 729 1997 777 aBlay·

297 791 431 841 desio,
458 792 533 840 qui
554 790 630 843 ἔχει
654 806 694 831 τε
718 794 934 843 proponit.
962 792 1132 834 Codicis
1154 794 1192 833 A
1219 795 1436 843 scriptura
1452 790 1514 834 εἶτ’
1534 794 1688 846 εἴληφε,
1708 795 2001 844 dittographia

298 860 426 908 nata,
472 860 583 900 bene
629 862 824 901 correcta
865 863 934 901 est
978 862 1038 907 (in
1082 872 1147 902 vs.
1183 862 1224 907 5)
1270 862 1315 901 in
1358 861 1505 913 εἴληφε.
1541 885 1591 891 -
1620 862 1695 902 Vs.
1729 862 1769 902 8.
1803 863 1866 902 Bl.
1902 862 1999 902 ὥστε

297 924 392 973 τοὺς
423 925 571 978 λάρους
610 922 713 966 εἶναι
743 927 956 970 <δοκεῖν>
989 925 995 982 l
1022 928 1184 980 Σύρους
1224 925 1314 981 παρ’
1350 928 1474 968 αὐτόν
1515 931 1560 969 et
1592 930 1695 980 alia,
1729 930 1876 970 minus
1906 940 1998 979 pro·

295 993 457 1035 habilia
486 1004 618 1043 quam
651 1005 763 1044 quae
793 996 1020 1045 proposuit
1050 996 1185 1036 Kock.

237 1060 306 1101 Fr.
338 1062 379 1108 6,
413 1062 454 1101 4.
488 1062 760 1114 Παραμυθίας
791 1073 868 1113 pro
899 1062 1160 1115 παραψυχὰς,
1200 1064 1315 1113 quod
1346 1065 1631 1105 manifestum
1663 1065 1821 1104 vitium
1852 1064 1998 1104 metri·

296 1129 605 1179 cumgrcriticos
634 1129 868 1180 fefellerat,
902 1141 974 1171 me
1004 1132 1283 1181 proposuisse
1314 1128 1517 1172 nondum*
1539 1132 1745 1182 poenitet.
1786 1130 1848 1172 De
1879 1126 2000 1172 more

295 1195 469 1244 ignorat
494 1197 560 1238 Bl.
586 1220 639 1226 —
658 1197 732 1236 Vs.
764 1193 791 1236 τ’
827 1195 883 1236 ὢν
914 1208 990 1247 pro
1020 1212 1059 1237 τε
1090 1199 1321 1249 Richards,
1356 1199 1451 1239 coll.
1483 1199 1643 1249 Diphili
1673 1199 1724 1238 fr.
1757 1200 1908 1238 incert.
1945 1200 1997 1238 13

295 1262 437 1308 (Mein.
470 1263 529 1302 [V
560 1265 676 1315 421),
710 1266 755 1305 at
786 1266 850 1305 ita
879 1265 1194 1318 ψυγαγωγηθεὶς
1225 1277 1313 1306 non
1343 1276 1422 1307 suo
1452 1267 1546 1307 loco
1574 1267 1751 1316 legitur;
1785 1266 1999 1306 Headlam

294 1328 394 1382 πρὸς
439 1329 623 1383 ἀλλότρια
659 1354 711 1360 —-
744 1331 872 1382 πάθη.
915 1333 1019 1372 Mihi
1060 1344 1147 1374 non
1188 1334 1339 1383 liquet.
1381 1334 1646 1383 Tragoediae
1689 1334 1732 1372 vi
1768 1333 1999 1382 purgativa

295 1398 367 1437 hic
412 1399 666 1447 agnoscitur
712 1401 818 1440 nota
862 1401 1062 1441 doctrina
1107 1401 1374 1441 Aristotelis.
1420 1425 1473 1430 —
1516 1402 1589 1442 Vs.
1642 1402 1707 1441 10.
1750 1402 1999 1441 Notandum

295 1465 539 1518 πτωχότερον
579 1478 656 1516 pro
699 1468 979 1520 πτωχίστερον,
1019 1470 1132 1518 quod
1164 1471 1358 1510 metrum
1389 1479 1477 1509 non
1516 1469 1699 1509 ferebat.
1735 1491 1786 1497 --
1819 1469 1893 1508 Vs.
1931 1469 1997 1507 11.

295 1533 360 1573 Bl.
394 1534 585 1583 praefert
623 1534 797 1575 Stobaei
837 1536 1072 1576 lectionem
1105 1536 1227 1587 οὕτω,
1257 1538 1332 1576 sed
1365 1547 1499 1586 aeque
1530 1536 1644 1576 bona
1686 1538 1754 1576 est
1784 1536 2000 1576 Athenaei

295 1598 394 1651 ἤδη,
429 1601 553 1641 cuius
579 1603 731 1642 contra
761 1603 954 1652 peiorem
985 1604 1220 1644 lectionem
1252 1605 1296 1644 in
1329 1615 1393 1645 vs.
1408 1594 1443 1651 „Q
1471 1601 1514 1643 δὲ
1539 1608 1712 1654 μανικῶς
1739 1603 1856 1642 male
1881 1612 1997 1652 prae-

295 1667 382 1708 fert
434 1668 707 1709 Stobaeanae
752 1684 791 1709 τε
837 1670 1027 1722 μανικὸν,
1076 1682 1157 1712 nec
1202 1673 1366 1712 -melius
1400 1661 1460 1712 Et
1505 1672 1618 1711 miro
1664 1671 1811 1710 iudicii
1858 1680 2002 1710 errore

296 1735 514 1775 Athenaei
553 1738 818 1786 scripturam
848 1737 948 1793 ῥᾷον
979 1737 1090 1791 φέρει
1121 1739 1392 1779 Stobaeanae
1423 1733 1541 1790 ἧττον
1583 1736 1717 1777 στένει.
1750 1738 1922 1788 Optime
1955 1737 1998 1776 in

296 1803 365 1842 his
395 1802 601 1843 omnibus
632 1815 726 1844 rem
759 1806 898 1854 gessit
929 1806 1064 1846 Kock.

236 1870 305 1911 Fr.
340 1871 379 1921 7,
412 1872 452 1911 4.
505 1869 587 1914 (ἐν
627 1875 750 1919 ταῖς>
788 1870 978 1924 ἀγκάλαις
1020 1873 1084 1914 Bl.
1129 1873 1177 1914 O.
1206 1872 1387 1913 Crusius
1427 1872 1741 1912 Telemachum
1787 1874 1999 1923 παυθῆναι

296 1937 604 1991 δημηγοροῦντα
648 1939 887 1989 significari
928 1941 1073 1991 putat,
1118 1940 1215 1980 coll.
1259 1941 1559 1990 Theophrasto
1591 1940 1704 1989 apud
1737 1940 1854 1979 Suid.
1886 1949 1922 1980 s.
1955 1950 1996 1979 v.

296 2006 595 2059 συστομώτερον
626 2006 803 2058 σκάφης,
834 2007 950 2047 olla
979 2008 1348 2048 taciturnius.

237 2073 306 2114 Fr.
339 2074 380 2124 8,
414 2075 454 2114 3.
501 2074 697 2114 Tertiam
738 2075 1037 2115 coniecturam
1079 2075 1198 2115 addit
1239 2075 1304 2115 Bl.
1346 2073 1388 2114 ἐν
1429 2077 1529 2114 τοῖσι
1569 2077 1748 2125 θνητοῖς.
1788 2074 1999 2124 Quidquid

297 2141 454 2180 horum
487 2141 708 2192 scribitur,
741 2142 919 2191 perinde
950 2144 1032 2182 est.
1068 2165 1120 2171 —-
1153 2142 1229 2183 Vs.
1263 2143 1303 2182 9.
1336 2140 1573 2193 θαυμαστὸν
1604 2143 1770 2181 temere
1801 2141 1865 2181 Bl.

237 2207 306 2247 Fr.
340 2208 381 2257 9,
415 2208 456 2248 3.
483 2202 558 2247 οὖν
585 2208 861 2257 requirebam
891 2219 969 2258 pro
1000 2207 1091 2260 μὲν,
1121 2209 1186 2250 Bl.
1205 2206 1261 2249 δὲ.
1282 2232 1334 2238 -
1353 2209 1427 2249 Vs.
1462 2211 1501 2249 5.
1535 2208 1668 2248 Recte
1700 2208 1915 2248 Headlam
1945 2205 1998 2246 ἔτι

301 2273 464 2325 <καὶ>,
513 2275 610 2315 coll.
651 2274 751 2315 Eur.
794 2276 845 2316 fr.
879 2277 979 2326 388,
1015 2278 1065 2325 33
1113 2277 1210 2316 172.
1255 2276 1480 2316 Violenter
1521 2276 1585 2316 Bl.
1629 2275 1694 2315 καὶ
1735 2274 1815 2326 μὴν
1851 2273 1998 2321 ἐκεῖνος

294 2339 412 2380 τοῦδέ
442 2338 473 2393 γ’
509 2339 618 2389 ἄξιος
650 2341 789 2394 μόρου.
810 2365 862 2371 -
882 2342 955 2382 Vs.
990 2344 1029 2383 7.
1063 2342 1305 2395 εὐσχήματος
1337 2346 1413 2383 aut
1444 2342 1687 2394 εὐχρήματος
1718 2342 1947 2382 Headlam.

238 2409 306 2448 Fr.
342 2409 409 2459 11,
443 2410 483 2449 6.
517 2408 736 2460 ἅνθρωπος
768 2410 860 2449 iure
892 2412 1072 2450 revocat
1102 2410 1187 2461 Bl.,
1223 2411 1306 2450 ‘sed
1340 2421 1404 2450 vs.
1437 2410 1463 2449 8
1496 2420 1572 2460 pro
1605 2411 1725 2450 certa
1755 2408 1999 2449 Casauboni

300 2476 567 2516 correctione
598 2477 745 2526 inepte
777 2477 964 2517 coniecit
994 2477 1172 2528 σηπίδια.

240 2542 308 2582 Fr.
345 2543 411 2592 12,
448 2544 465 2582 1
503 2553 567 2592 sq.
614 2543 748 2584 Recte
789 2544 853 2583 Bl.
886 2542 1037 2584 οὔκουν
1069 2567 1126 2572 -
1158 2544 1340 2597 φράζειν;
1371 2547 1600 2594 praeterea
1631 2544 1849 2584 coniciens
1880 2541 1998 2581 τᾶλλα

298 2620 379 2658 σοι;
424 2612 501 2650 aut
544 2609 640 2661 μετὰ
680 2611 809 2650 πάντα
851 2609 971 2651 τᾶλλα
1015 2626 1062 2663 με
1102 2612 1230 2661 (quod
1270 2622 1357 2652 non
1404 2612 1641 2661 intellego).
1678 2633 1730 2639 —
1764 2610 1837 2650 Vs.
1882 2612 1921 2650 5.
1964 2610 1997 2649 E

299 2676 442 2716 titulis
474 2677 745 2727 corrigebam
786 2678 1048 2726 καταπάλτας.
1084 2702 1136 2707 -
1165 2679 1239 2719 VS.
1271 2680 1311 2719 6.
1345 2684 1470 2729 μισῶν
1503 2675 1546 2717 δὲ
1576 2677 1717 2730 λόγους
1750 2679 1826 2716 aut
1856 2676 1998 2729 λόγους

300 2739 336 2782 δ’
380 2743 582 2793 Blaydes.
624 2745 758 2785 Recte
798 2756 846 2786 se
878 2745 1012 2786 habet
1047 2746 1311 2795 asyndeton,
1346 2756 1424 2785 nec
1455 2745 1614 2785 melius
1655 2744 1849 2792 Elmsley
1884 2739 1911 2782 τ’
1954 2745 1998 2783 et

300 2810 421 2851 Kock
451 2807 484 2863 γ’
518 2812 655 2852 inseri
685 2813 848 2853 iubent.

240 2878 308 2918 Fr.
345 2879 412 2928 13,
444 2880 484 2919 5.
517 2879 736 2920 Inutiliter
766 2881 830 2920 Bl.
867 2878 1039 2928 <ἁπλῶς
1071 2879 1177 2922 καὶ)
1209 2879 1425 2931 συντόμως.
1458 2880 1518 2919 ΒΘ
1544 2879 1711 2931 τράπεζα
1738 2889 1802 2919 VS.
1826 2881 1851 2918 4
1879 2880 1997 2919 recte

299 2947 450 2985 monet
480 2946 620 2997 Kock,
651 2947 729 2987 sed
761 2958 864 2987 vera
894 2948 1023 2988 lectio
1054 2948 1227 2988 restitui
1258 2947 1421 2996 nequit.

241 3013 309 3053 Fr.
346 3013 413 3053 14.
463 3013 656 3063 „Nescio
682 3015 778 3063 quis
807 3015 1010 3061 (fortasse
1042 3015 1236 3064 SilenUS,
1269 3014 1413 3063 gregis
1446 3014 1701 3063 Satyrorum
1733 3016 1825 3059 rex)
1857 3012 1997 3062 hospi-

296 3082 389 3121 tem
434 3080 578 3120 xeniis
623 3083 833 3121 onustum
879 3082 1066 3122 dimittit
1112 3083 1241 3130 atque
1288 3081 1371 3120 iter
1416 3081 1529 3129 quod
1572 3081 1610 3120 ei
1651 3080 1899 3120 faciendum
1939 3080 1998 3119 sit

230 3182 232 3184 ,
298 3147 364 3193 (fr.
415 3148 482 3195 15)
529 3150 731 3189 accurate
776 3149 980 3189 describit
1030 3149 1097 3188 vel
1147 3148 1423 3197 vaticinatur,
1473 3150 1522 3187 ut
1563 3147 1683 3188 Circe
1724 3149 1769 3187 et
1810 3147 1996 3196 Calypso

300 3215 481 3255 Homeri
521 3217 565 3255 et
604 3215 893 3255 Prometheus
933 3215 1184 3264 Aeschyli.''
1237 3213 1500 3264 O.Crusius,
1543 3215 1615 3263 qui
1647 3224 1711 3254 vs.
1745 3215 1770 3253 4
1804 3224 1867 3263 sq.
1901 3224 1995 3254 con·
