2216 3522
1066 194 1146 230 199

274 315 320 353 et
350 324 416 353 VS.
445 315 470 353 5
502 313 635 362 λίθον,
666 314 692 352 i.
726 324 762 353 e.
796 312 984 364 ἄφωνον,
1014 326 1091 365 pro
1122 315 1249 366 λιμὸν.
1282 317 1372 366 Quo
1404 328 1535 357 sensu
1567 318 1631 357 Bl.
1665 317 1794 372 δίφρῳ
1822 319 1864 357 in
1892 318 1972 373 ἥρῳ

273 382 436 431 mutet,
470 382 709 431 caliginosa
740 384 866 421 nocte
892 383 1002 422 mihi
1030 384 1257 424 obscurius
1284 387 1365 424 est.
1396 408 1445 413 —
1475 385 1549 424 Vs.
1568 387 1607 425 6.
1636 385 1755 424 Idem
1783 384 1974 435 ἀπηλάθη

274 459 351 499 pro
395 447 629 505 ἀπεστρᾴφη
667 454 710 489 et
743 460 806 489 vs.
844 451 870 490 8
901 449 1009 498 ἔδοξε
1049 451 1177 490 πάντα
1209 463 1285 502 pro
1317 451 1450 498 ἔδοξεν
1482 452 1587 506 αὐτῷ
1623 453 1842 502 proponit,
1875 453 1974 500 quid

275 524 379 556 vero
412 511 476 556 vsss
509 508 564 556 12
607 517 691 556 sibi
735 517 840 557 velit
876 518 972 558 eius
1002 519 1252 559 coniectura
1283 520 1444 574 τοιαύτη
1478 542 1531 548 —-
1564 519 1720 573 καχεξίᾳ
1752 530 1828 569 pro
1860 520 1974 568 geni-

274 585 400 634 tivis,
443 595 543 625 cum
582 586 841 634 praesertim
884 597 971 626 non
1003 589 1146 626 mutet
1178 598 1241 627 vs.
1277 589 1330 627 13
1362 585 1623 638 ἐζηλωμένης,
1653 587 1811 626 vellem
1845 586 1974 635 expli-

273 655 438 702 casset,
482 663 562 692 nec
603 653 854 692 necessaria
897 654 1068 693 videtur
1110 654 1205 694 eius
1236 655 1423 694 mutatio
1458 653 1500 693 ἐν
1531 661 1582 708 τῷ
1613 654 1687 707 βίῳ
1717 665 1795 703 pro
1827 658 1866 691 ἐν
1896 656 1976 700 τοῖς

273 719 388 772 βίοις.
421 720 650 759 Manifesto
681 724 829 760 autem
862 718 1071 772 ἐπιπλῆξαι
1101 723 1187 768 (14)
1217 722 1483 771 iungendum
1517 732 1616 761 cum
1643 720 1735 767 τοὺς
1763 743 1813 748 -—
1846 718 1976 769 ἑλομέ-

276 802 392 837 νους,
421 798 498 837 pro
525 787 681 836 quibus
706 790 786 833 tot,-
807 810 859 816 -
878 786 1077 838 ἑλομένοις
1110 790 1282 838 requiro
1317 800 1417 828 cum
1450 789 1627 828 Kockio.
1664 789 1745 827 Sed
1778 798 1878 828 cum
1911 787 1974 826 Bl.

276 855 456 904 reliquis
494 855 756 894 coniecturis
792 856 836 894 in
870 866 934 895 vs,
968 856 1023 895 25
1055 856 1253 905 praefero
1285 857 1539 896 Grotianam
1571 854 1744 902 ἀναιδῶς
1776 865 1852 904 pro
1893 853 1976 893 ἅνω

277 921 355 962 διὰ.
388 945 444 951 -
477 922 551 962 Vs.
586 923 655 962 27.
683 922 804 961 Idem
838 923 902 963 Bl.
936 923 1010 963 cft.
1046 925 1117 963 Ar.
1145 924 1219 972 Eq.
1254 925 1362 972 842;
1393 923 1570 973 Quintil.
1604 923 1686 961 XII
1718 924 1783 971 11,
1813 923 1861 970 2;
1891 921 1975 961 Cic.

276 990 398 1030 Verr.
429 989 489 1028 IV
530 990 587 1028 30
628 990 846 1029 coniciens
886 989 1049 1029 ἔντονον
1090 991 1300 1036 (Meineke
1341 990 1523 1043 εὔτονον)
1555 1002 1597 1029 σε
1629 991 1708 1037 ὸεῖς
1747 989 1978 1028 infeliciter

279 1067 381 1097 vero
429 1067 494 1097 vs.
528 1057 583 1095 29
625 1054 753 1108 ἀργὴν
785 1067 861 1106 pro
892 1055 1019 1104 εὐθὺς
1059 1059 1203 1103 (teneo
1244 1068 1393 1097 meum
1435 1051 1479 1096 εὖ
1510 1071 1549 1096 τε
1590 1059 1666 1096 aut
1705 1056 1896 1096 scribam
1934 1049 1977 1094 εὖ

276 1126 375 1172 πως)
407 1125 452 1163 et.
481 1125 576 1163 sine
607 1134 741 1163 causa
771 1125 858 1170 (34)
890 1125 1150 1164 mendosum
1184 1127 1310 1165 vocat
1340 1128 1458 1164 νοσεῖ.
1487 1147 1538 1153 —-
1567 1124 1641 1163 Vs.
1676 1124 1745 1163 36.
1778 1123 1979 1162 Fortasse

277 1192 440 1232 rectius
464 1192 529 1231 Bl.
561 1191 790 1240 distinguit
822 1190 985 1241 νεκροὺς
1017 1191 1208 1242 δειπνῶν,
1238 1199 1377 1247 σιωπῇ.
1412 1213 1465 1220 —·
1498 1191 1571 1231 VS.
1598 1192 1668 1230 44.
1701 1190 1835 1229 Notat
1864 1190 1977 1228 idem

278 1260 496 1299 secundae
534 1259 732 1307 syllabae
772 1259 817 1297 in
857 1259 1118 1310 πολυχρύσων
1158 1260 1500 1309 productionem.
1544 1259 1601 1298 At
1641 1257 1876 1296 manifesta
1912 1258 1980 1295 est

280 1327 457 1377 parodia
497 1326 665 1375 tragica
700 1326 854 1365 Λυδῶν
895 1332 973 1365 τῶν
1017 1327 1279 1378 πολυχρύσων
1321 1326 1420 1374 ἅναξ
1463 1326 1531 1372 (cf.
1573 1325 1670 1364 Eur.
1709 1325 1741 1363 I.
1774 1324 1824 1363 A.
1859 1324 1978 1373 787),

280 1405 392 1444 quae
423 1396 510 1434 iam
545 1394 809 1434 Meinekium
842 1405 928 1434 non
960 1394 1105 1434 latuit.

228 1502 501 1546 Nicomachi
533 1504 585 1543 ir.
622 1504 659 1552 l,
694 1504 733 1542 9.
776 1499 898 1541 ὀπτὸν
939 1513 1016 1552 pro
1056 1501 1247 1554 πρότερον
1286 1502 1500 1541 Headlam
1533 1503 1578 1540 et
1606 1501 1692 1549 BL,
1725 1499 1797 1548 qui
1827 1508 1980 1547 parum

282 1571 562 1621 probabiliter
592 1574 817 1620 praeterea
852 1571 1037 1610 coniecit
1061 1569 1193 1620 ἑφθόν
1229 1571 1273 1610 et
1307 1570 1402 1609 sine
1437 1579 1570 1608 causa
1603 1567 1827 1606 ἀποδοῦναι
1858 1569 1926 1611 (re
1939 1565 1980 1603 d-

283 1639 427 1679 dere.
475 1639 537 1679 Cf.
586 1649 892 1688 praegressum
938 1637 1235 1695 παραλαβόντα)
1275 1637 1440 1676 mutari
1481 1636 1600 1675 iubet
1640 1635 1684 1673 in
1725 1635 1981 1683 παραθεῖναι.

284 1706 400 1756 Quae
434 1707 550 1746 idem
586 1707 632 1745 in
663 1706 756 1745 loco
787 1706 1016 1755 desperato
1047 1707 1118 1751 (lo
1150 1709 1229 1754 sq.)
1261 1706 1404 1744 tentat
1435 1704 1640 1752 legantur
1671 1702 1783 1750 apud
1815 1701 1978 1750 ipsum,

283 1773 459 1823 quibus,
492 1774 578 1813 nisi
608 1774 764 1813 inutile
794 1776 931 1822 esset,
965 1773 1129 1812 similia
1158 1773 1299 1812 multa
1330 1771 1487 1811 addere
1518 1780 1707 1819 possem.
1733 1791 1785 1797 —
1809 1768 1882 1806 Vs.
1914 1769 1980 1806 16.

291 1842 480 1889 <σεξδεῖ
506 1843 551 1880 et
582 1851 647 1880 VS.
684 1841 734 1879 17
769 1835 825 1879 ὧν
857 1839 1004 1879 εἰδέναι
1035 1852 1086 1879 σε
1117 1843 1291 1890 κρεῖττον
1328 1833 1378 1889 ἧν
1410 1837 1503 1887 πρίν
1534 1851 1600 1887 μοι
1631 1838 1763 1874 καλεῖν
1794 1835 1981 1874 fortasse

285 1915 402 1955 recte
444 1911 561 1950 idem
602 1909 786 1948 coniecit
825 1909 910 1948 nisi
950 1909 1061 1957 quod
1098 1908 1309 1948 traditum
1341 1917 1403 1944 σοι
1434 1904 1600 1944 servari
1631 1904 1789 1952 potest.
1823 1923 1875 1929 —
1909 1900 1983 1939 Vs.

287 1983 357 2022 39.
391 1980 454 2019 Bl.
487 1988 563 2027 pro
594 1975 693 2027 πρὸς
724 1973 790 2026 ἐμὲ
820 1974 888 2015 καὶ
918 1975 1160 2028 γραφήσεται
1188 1974 1388 2024 proponit
1417 1972 1515 2021 πρὸς
1547 1969 1612 2021 ἐμέ
1637 1966 1666 2021 γ’
1698 1968 1983 2021 ἐγγραφήσεται

286 2052 363 2090 aut
392 2044 719 2096 συμβληθήσεται
750 2045 827 2082 aut
861 2042 1181 2094 συγκριθήσεται.
1223 2041 1327 2080 Mihi
1358 2038 1568 2090 postulari
1602 2037 1775 2076 Videtur
1805 2034 1982 2082 aequi-

296 2113 532 2166 parandi
574 2111 714 2160 notio,
758 2120 838 2149 nec
880 2112 1011 2149 verbo
1050 2108 1219 2161 γράφειν
1250 2108 1401 2146 eiusve
1433 2104 1688 2154 compositis
1719 2112 1817 2141 esse
1849 2101 1983 2140 locuS.

289 2183 392 2223 Coll.
425 2182 498 2220 Ar.
531 2179 707 2218 Thesm.
741 2178 826 2217 802
859 2188 939 2226 sq„
972 2179 1072 2226 apte
1104 2175 1362 2216 conieceris:

585 2244 719 2291 οὐδεὶς
750 2242 877 2295 ’ἕτερός
908 2255 969 2282 σοι
1003 2242 1101 2292 πρὸς
1133 2241 1197 2292 ἐμὲ
1230 2239 1637 2290 κάντιθήσεται,

291 2326 448 2357 nemo
481 2314 631 2354 alius
664 2323 689 2351 a
721 2314 775 2351 te
807 2311 945 2350 mihi
979 2310 1064 2349 vel
1098 2310 1423 2359 opponetur.

233 2387 300 2426 Fr.
333 2385 373 2434 2,
411 2385 448 2422 1..
496 2380 689 2420 Meineke
736 2378 954 2418 coniciens
999 2371 1043 2416 εὖ
1091 2378 1182 2427 βίου
1228 2374 1442 2427 βεβηκότα,
1489 2373 1599 2422 quod
1640 2372 1715 2410 vix
1761 2379 1984 2418 graecum,

289 2451 571 2497 meminerat,
606 2447 769 2496 opinor,
801 2448 932 2485 notae
959 2445 1190 2484 locutionis
1221 2437 1264 2482 εὖ
1292 2442 1402 2493 ἥκειν
1428 2446 1497 2479 τοῦ
1524 2440 1626 2490 βίου.
1648 2437 1783 2476 Valde
1799 2436 1988 2484 placeret

293 2519 566 2560 Kockianum
590 2513 633 2554 ἐν
658 2513 794 2567 εὐδίᾳ,
818 2514 904 2552 nisi
935 2511 1191 2562 scrupulum
1219 2510 1328 2549 mihi
1356 2510 1552 2548 moveret
1582 2503 1796 2557 βεβιωκότα
1823 2503 1987 2542 dictum

293 2597 368 2638 pro
411 2586 555 2634 ζῶντα,
594 2582 706 2631 quod
748 2582 786 2620 si
828 2582 946 2620 recte
986 2589 1034 2619 se
1065 2579 1243 2627 habeat,
1282 2577 1423 2626 possis
1455 2575 1588 2614 etiam
1621 2571 1815 2611 conicere
1847 2566 1988 2619 ὀλβίως

294 2650 523 2707 βεβιωκότα.
570 2650 776 2689 Fortasse
820 2647 954 2697 igitur
1008 2645 1341 2695 praeferendum
1387 2643 1498 2691 quod
1545 2640 1651 2680 olim
1697 2637 1901 2688 proposui
1947 2633 1989 2673 ἐν

296 2720 443 2773 ὀλβίοις
476 2716 686 2770 βεβηκότα.

237 2828 449 2874 Xenonis
480 2827 531 2867 fr.
564 2826 690 2864 Prius
715 2823 857 2870 πάντες
885 2833 1022 2871 neque
1050 2832 1148 2861 cum
1177 2819 1343 2859 Nabero
1370 2819 1412 2856 in
1440 2814 1601 2866 ἄνδρες,
1625 2823 1763 2862 neque
1794 2821 1894 2852 cum
1925 2809 1988 2849 Bl-

296 2899 340 2937 in
373 2895 414 2935 οἴ
440 2893 514 2947 γὰρ
536 2879 834 2940 mutaverim,
862 2890 937 2930 sed
967 2900 1030 2928 vs.
1059 2889 1084 2927 2
1117 2890 1218 2927 ante
1255 2888 1274 2925 1
1309 2882 1650 2933 transposuerim
1683 2889 1782 2920 cum
1814 2877 1989 2917 Kockio.

240 3001 470 3058 Polyochi
502 3001 553 3041 fr.
587 3000 693 3050 Quid
726 3000 980 3048 deliquerim
1017 3008 1078 3037 vs.
1099 2998 1123 3035 2
1158 2996 1358 3036 conicens
1390 2992 1511 3046 ἕσθῃς
1547 3000 1622 3040 pro
1648 2988 1766 3042 ἔλθῃ,
1790 2985 1991 3035 quamvis

299 3069 567 3121 displicuerit
606 3062 789 3115 Kockio,
834 3066 1026 3106 nondum
1060 3064 1202 3112 video,
1237 3071 1316 3101 nec
1348 3060 1473 3099 facile
1507 3058 1643 3097 lenior
1675 3052 1993 3102 excogitabitur

301 3137 483 3179 medela.
515 3135 575 3174 De
602 3134 743 3173 forma
773 3132 907 3171 ἔσθειν
939 3142 1014 3182 pro
1041 3129 1190 3170 ἐσθίειν
1221 3128 1331 3167 satis
1363 3128 1547 3166 constat.
1574 3122 1748 3172 Triplex
1776 3118 1991 3167 Blaydesii

301 3208 528 3246 tentamen
560 3201 731 3251 legatur
762 3200 875 3250 apud
908 3200 1051 3249 ipsum
1082 3209 1122 3247 p.
1157 3197 1254 3235 260.
