2216 3522
1068 214 1120 252 37

274 331 578 380 corrigendum
619 342 717 372 esse
756 333 1023 373 tralaticium
1064 344 1257 374 errorem
1296 332 1514 384 κινουμένη
1554 335 1598 373 in
1637 332 1867 385 βινουμένη.
1904 334 1971 373 Ad

272 397 521 448 παχυσκελής
567 399 757 446 (ibidem)
810 400 862 439 cf.
905 402 1058 441 notum
1102 401 1382 450 proverbium
1422 399 1476 439 τὼ
1521 399 1626 452 (γὰρ)
1668 398 1785 451 σκέλη
1831 403 1970 452 παχεῖα

273 463 417 531 μισητὴ
447 466 564 519 γύνη.

324 531 580 582 Ἀιιεςγτί
611 534 824 584 relliquiis
855 536 1043 575 accessit
1074 545 1097 575 e
1124 536 1264 575 lexico
1301 534 1548 574 Sabbaitico
1579 545 1619 583 p.
1656 536 1723 583 17,
1746 535 1800 574 10
1836 538 1970 586 <3191-

273 599 476 651 στοφάνης
487 601 548 642 ?>
584 600 783 656 Ἀναγύρῳ

1049 667 1316 719 ἐκλιμάκισεν,
1346 664 1431 708 ὥστ’
1467 667 1521 714 εἰς
1552 666 1678 719 μέσην

599 733 733 774 ἔπιπτε
763 735 836 787 τὴν
867 736 1020 787 τάφρον

272 800 365 851 ubi,
414 801 511 841 coll.
552 802 604 841 fr.
646 803 842 852 41—43,
889 802 942 842 de
984 813 1093 851 equo
1139 803 1306 842 dictum
1349 812 1447 842 esse
1485 803 1744 853 κλιμακίζειν,
1782 802 1971 842 fortasse

274 869 595 918 „aufbaumen”
626 869 880 918 significans
910 870 1069 919 statuit
1100 870 1222 910 Kock
1253 870 1360 909 MuS.
1394 870 1532 909 Rhen.
1571 871 1695 920 1893,
1722 880 1762 919 p.
1796 871 1896 910 583.

212 935 283 976 Fr.
313 937 384 976 66.
417 936 683 986 Theopompi
714 937 765 976 fr.
798 938 840 976 II
872 938 957 977 769
990 939 1035 976 et
1066 938 1167 986 Lys.
1203 938 1286 976 282
1321 937 1395 976 cft.
1427 937 1493 976 Bl.

213 1002 285 1043 Fr.
317 1003 389 1043 68.
428 1003 543 1053 Apte
582 1003 647 1043 Bl.
688 1004 760 1043 cft.
802 1004 1043 1053 Sophronis
1079 1004 1132 1044 fr.
1166 1006 1220 1044 51
1254 1003 1320 1042 ταί
1347 1019 1397 1055 γα
1428 1002 1507 1054 μὰν
1538 1003 1676 1056 κόγχαι
1699 1003 1972 1054 -κεχάναντι

273 1066 370 1120 ἁμὶν
399 1076 536 1109 πᾶσαι.

212 1137 282 1178 Fr.
316 1138 384 1178 75.
428 1138 536 1188 Quia
580 1137 750 1190 έννεύει,
793 1141 844 1179 ut
888 1140 1043 1179 monet
1082 1139 1225 1189 Kock,
1266 1149 1483 1187 nusquam
1520 1139 1625 1178 alibi
1656 1139 1770 1188 apud
1800 1138 1972 1178 Atticos

271 1205 478 1255 occurrit,
510 1206 699 1246 fortasse
729 1207 988 1256 legendum:

1016 1272 1255 1312 ἐπινεύει
1286 1287 1333 1324 με
1363 1272 1528 1324 φεύγειν
1561 1271 1708 1322 οἴκαδε,

272 1340 302 1380 i.
334 1350 371 1380 e.
404 1341 699 1381 adnuendo
729 1341 1036 1390 significat
1070 1351 1150 1380 me
1180 1340 1379 1390 fugere
1410 1340 1641 1380 domum.

213 1407 284 1447 Fr.
316 1407 386 1447 77.
418 1408 483 1448 Bl.
517 1408 590 1448 cft.
624 1408 743 1448 Com.
770 1409 917 1458 adesp.
951 1409 1036 1448 692
1064 1413 1222 1447 καπνοῦ
1254 1406 1370 1446 σκιὰν
1400 1405 1590 1446 δέδοικεν.

214 1474 284 1514 Fr.
317 1475 387 1514 80.
420 1474 483 1514 cf.
514 1475 614 1515 Eur.
647 1475 744 1515 Hel.
782 1476 909 1515 1609.

213 1541 283 1582 Fr.
316 1542 386 1582 82.
419 1540 673 1589 ἀπέκτεινε(ν)
705 1545 881 1592 propter
912 1543 1123 1592 Hilbergii
1154 1543 1399 1582 doctrinam
1429 1543 1549 1582 recte
1577 1542 1773 1591 postulat
1808 1541 1971 1580 Nauck.

214 1609 284 1649 Fr.
317 1609 388 1649 87.
421 1606 511 1648 ἀνθ’
541 1606 770 1662 (Ερμιόνης
803 1610 912 1650 bene
943 1610 1008 1650 Bl.

214 1677 283 1717 Fr.
319 1678 416 1717 103.
448 1678 499 1717 In
530 1678 675 1718 Photii
704 1678 798 1718 loco
830 1675 1207 1729 περιπεπλασμένος·
1224 1677 1276 1717 de
1306 1677 1432 1726 panis
1463 1676 1655 1715 nondum
1687 1676 1799 1715 cocti
1824 1685 1974 1715 massa

273 1744 441 1784 dictum
472 1745 646 1785 defendi
674 1755 803 1794 posse
844 1745 1018 1785 videtur
1048 1755 1074 1784 a
1104 1745 1325 1793 Blaydesii
1357 1743 1607 1784 coniectura
1637 1740 1974 1794 περιπεπαρμένος

275 1814 428 1866 (μακρῷ
461 1812 594 1867 ξύλῳ).

216 1879 285 1920 Fr.
321 1880 418 1919 105.
451 1881 652 1920 Antehac
682 1880 822 1919 suasi:

542 1946 620 1996 ,εἰ
648 1947 711 1997 μὴ
739 1944 1025 1999 ’γκιλικίσαιμῄ
1054 1944 1287 1997 ἐξολοίμην”,
1316 1946 1424 1995 φάθι
1455 1943 1590 1998 λέγων.

273 2014 337 2054 Bl.
383 2014 456 2054 cst.
504 2013 788 2062 ἐνθετταλίζειν
844 2014 1007 2064 (Eupol.
1058 2014 1157 2059 201)
1216 2021 1260 2053 θῒ,
1306 2012 1491 2060 αἰολίζειν
1538 2013 1666 2061 Soph.
1714 2012 1764 2051 fr.
1813 2013 1899 2052 845
1918 2027 1972 2042 =

275 2081 361 2120 826
393 2077 519 2121 ch².

214 2148 282 2188 Fr.
319 2149 416 2188 106.
451 2149 750 2198 proponebam
781 2144 927 2199 Λάχητ’
960 2138 1042 2187 υ-Ι
1062 2147 1128 2187 καὶ
1161 2146 1374 2200 Μεγακλέα
1404 2146 1470 2186 καὶ
1501 2147 1707 2198 Λάμαχον.

215 2215 285 2255 Fr.
322 2216 418 2265 108,
455 2216 492 2255 1.
525 2222 649 2262 συκᾶς
680 2215 841 2265 φυτεύω
872 2215 1039 2254 πάντα
1069 2214 1174 2266 πλὴν
1205 2218 1456 2266 Λακωνικῆς.

335 2281 527 2333 Κάρτα,
576 2284 688 2332 quod
733 2283 850 2323 iusto
896 2281 1186 2323 confidentius
1231 2283 1375 2322 textui
1414 2281 1563 2321 intulit
1603 2281 1745 2330 Kock,
1789 2291 1875 2321 non
1907 2282 1977 2320 est

275 2350 421 2399 aptius
465 2360 598 2399 quam
638 2351 677 2389 si
711 2346 855 2390 ⁴latine
895 2351 1015 2390 dicas
1055 2350 1206 2390 ficus
1238 2350 1401 2389 valde
1442 2359 1586 2398 sero,
1620 2350 1699 2388 aut
1729 2348 1976 2397 germanice

277 2417 368 2457 ich
413 2417 639 2467 pflanze
685 2418 813 2457 sehr
859 2417 1286 2466 Feigenbaume.
1335 2417 1437 2456 Mihi
1484 2417 1561 2455 aut
1600 2425 1759 2455 sanum
1806 2415 1978 2454 videtur

275 2483 424 2535 πάντα,
453 2486 582 2525 modo
613 2495 844 2525 sumamus
874 2485 1011 2524 fuisse
1043 2485 1087 2524 in
1119 2484 1390 2534 praegressis
1421 2481 1519 2521 κατὰ
1543 2482 1612 2521 τὸν
1638 2480 1760 2534 ἀγρόν
1785 2482 1976 2521 similive

279 2551 402 2604 quid,
449 2554 527 2592 aut
572 2552 768 2592 admissa
813 2551 1016 2591 Meinekii
1064 2552 1174 2591 coni.
1222 2552 1330 2589 πάνυ
1376 2565 1430 2600 τι,
1475 2559 1653 2589 versum
1699 2549 1763 2589 sic
1803 2548 1975 2599 explen-

280 2618 384 2659 dum
417 2629 537 2659 esse:

462 2682 592 2728 <01’n5'
624 2684 738 2738 ἐγὼ)
775 2691 899 2733 συκᾶς
929 2685 1088 2736 φυτεύω
1119 2684 1256 2724 πάνυ
1283 2699 1328 2723 τι
1358 2682 1461 2734 πλὴν
1493 2686 1746 2733 Λακωνικῆς.

280 2753 391 2802 quod
423 2754 559 2793 etiam
591 2753 801 2804 praefero.

221 2820 289 2861 Fr.
326 2821 422 2870 109,
457 2821 495 2860 3.
529 2822 643 2861 Ante
660 2820 723 2860 Bl.
751 2820 873 2860 suasi
898 2818 1083 2869 διέλκειν,
1110 2819 1431 2858 dubitabundus
1457 2820 1606 2858 tamen
1632 2817 1685 2856 ob
1711 2817 1978 2866 praegressis

280 2889 488 2941 aoristos,
521 2890 565 2927 et
597 2898 661 2927 vs.
694 2889 721 2927 4
753 2886 936 2938 ῥυπαρὸν
966 2896 1043 2936 pro
1075 2885 1261 2935 λιπαρὸν,
1299 2886 1411 2934 quod
1452 2884 1616 2934 placuit
1646 2884 1778 2923 etiam
1811 2883 1977 2922 Nabero

281 2957 326 2995 et
358 2954 606 3005 Blaydesio,
650 2954 723 3003 qui
764 2956 917 2994 tamen
958 2954 1051 3003 ipse
1084 2953 1319 2992 violentius
1351 2952 1461 2992 coni.
1492 2950 1680 3002 καθαράν
1711 2964 1750 2989 τε
1781 2949 1980 3002 ῥάφανον.

283 3022 421 3062 Hodie
452 3011 602 3061 dubito
633 3031 689 3060 an
719 3019 887 3071 λιπαρὸν
919 3020 1059 3069 possit
1090 3019 1274 3059 defendi.

224 3090 293 3129 Fr.
329 3090 425 3139 110,
463 3091 499 3129 1.
543 3089 636 3129 Non
678 3088 904 3128 nominato
947 3089 1091 3136 poeta,
1122 3087 1163 3126 h.
1198 3096 1262 3125 vs.
1295 3086 1379 3135 legi
1412 3085 1523 3135 apud
1556 3084 1741 3124 Atilium
1773 3083 1977 3123 Fortuna-

283 3158 398 3206 tum,
431 3156 544 3196 Keil.
577 3156 649 3196 Gr.
681 3156 776 3195 Lat.
810 3155 868 3194 VI
901 3165 940 3204 p,
972 3155 1071 3204 291,
1110 3155 1129 3193 1
1164 3154 1335 3192 monuit
1366 3152 1528 3192 Nauck.

228 3223 296 3262 Fr.
333 3224 430 3262 111.
469 3222 736 3273 Διαφυτεύειν
776 3221 981 3270 intellego
1014 3221 1066 3260 de
1097 3220 1287 3268 platanis
1318 3219 1511 3259 ordine
1542 3220 1585 3258 et
1617 3219 1748 3258 certis
1778 3217 1980 3257 interval-
