2216 3522
1084 240 1140 284 52

290 373 458 422 nuisse,
505 371 784 421 Agathonem
830 372 981 411 autem
1033 369 1227 420 primum
1271 368 1318 407 in
1362 366 1635 417 tragoediam
1680 364 1724 406 id
1768 362 1996 405 induxisse

290 441 464 481 monuit
495 439 668 480 Boeckh
700 439 752 479 de
785 438 838 478 Μ.
856 438 902 478 Ρ.
935 448 975 487 p.
1005 437 1134 477 251.”
1169 435 1233 476 Bl.

56 550 58 557 ,
112 517 157 549 επ
182 517 196 566 7
233 509 301 549 Fr.
334 509 420 548 983
454 507 497 547 in
528 507 750 556 Blaydesii
782 506 848 546 ed.
881 516 920 555 p.
954 505 1041 545 402
1073 515 1137 553 sq.
1181 497 1461 554 Monacopwo'
1497 499 1652 554 ἐρετμία
1682 497 1750 540 καὶ
1783 497 1998 551 onulfum«

8 560 67 601 (Ἴ
176 573 181 598 s
279 576 539 637 neglectum
572 585 598 615 a
628 573 806 614 Kockio.
839 573 957 613 Bene
986 573 1015 613 l.
1033 572 1060 612 1.
1095 582 1147 612 ea
1177 570 1314 612 verba
1343 569 1537 611 tentavit
1567 568 1632 609 Bl.

232 644 300 684 Fr.
333 644 434 683 929.
471 633 558 692 ,Οἱ
587 641 737 682 Cobeti
763 640 869 681 Coll.
898 641 992 681 crit.
1011 651 1050 690 p.
1073 640 1156 680 162
1184 641 1228 679 et
1254 637 1447 678 Dindorf.
1466 637 1521 677 ad
1547 636 1660 676 Eccl.
1679 635 1809 676 540.”
1832 633 1996 674 Nauck.

227 709 300 751 Fr.
333 712 433 750 933.
468 710 563 749 Vid.
596 709 746 749 Nauck
778 709 875 750 Mel.
910 708 968 748 VI
1001 719 1041 758 p.
1076 709 1146 748 83.

232 779 299 818 Fr.
333 779 432 818 941.
466 776 562 817 Vid.
597 776 747 817 Nauck
780 776 908 826 Trag.
943 776 1117 825 Fragm.
1152 785 1191 824 p.
1226 776 1296 814 51.

232 846 299 886 Fr.
334 847 434 885 946.
468 844 564 885 Vid.
598 845 715 885 idem
749 844 846 886 Mel.
879 843 938 883 VI
970 854 1010 894 p.
1045 844 1115 884 83.

232 914 300 954 Fr.
334 914 419 954 968
437 913 476 953 b.
510 913 542 952 E
575 912 666 953 cod.
704 911 983 951 Bruxellensi
1016 911 1063 951 Ο.
1094 911 1241 951 Hense
1266 909 1320 950 de
1347 908 1522 949 Stobaei
1553 907 1754 957 florilegii
1780 905 2000 956 excerptis

291 982 424 1021 Brux.
455 992 495 1030 p.
529 982 584 1020 35
617 980 726 1020 haec
756 979 961 1029 protulit:
997 978 1291 1031 Ἀριστοφάνης·

644 1044 785 1099 πατρὶς
817 1043 860 1085 δὲ
891 1051 1000 1085 πᾶσα
1030 1052 1083 1101 τῷ
1109 1044 1250 1097 πένητι
1280 1043 1526 1098 προσφιλής,

646 1110 711 1164 ἀφ’
747 1107 796 1165 ἧς
826 1112 981 1164 τροφήν
1012 1127 1051 1153 τε
1081 1111 1149 1152 καὶ
1181 1112 1224 1153 τὸ
1255 1111 1311 1165 μὴ
1342 1116 1488 1164 πεινῆν
1518 1109 1606 1164 ἔχει.

291 1182 353 1223 Cf.
386 1183 459 1222 Ar.
493 1182 608 1222 Plut.
646 1182 759 1222 1152
793 1181 937 1230 ibique
968 1181 1150 1222 scholia.

232 1251 300 1291 Fr.
333 1251 419 1291 969
453 1261 488 1290 c.
531 1250 564 1289 Ε
606 1250 740 1290 Suida
771 1260 805 1289 s,
838 1260 880 1290 v.
914 1249 1108 1301 κάθαρμα
1147 1259 1211 1289 vs.
1244 1248 1620 1298 Aristophaneum
1651 1244 1727 1287 οὐκ
1757 1243 2003 1298 ἀποφθερεῖ,

291 1317 502 1369 κάθαρμα,
531 1315 745 1356 κάκποδὼν
775 1313 921 1367 ἡμῶν
952 1314 1066 1364 ἅπεις
1097 1316 1280 1366 protulit
1311 1315 1462 1356 Nauck
1494 1314 1591 1356 Mel.
1623 1314 1683 1354 VI
1713 1314 1784 1355 84.
1823 1312 2002 1364 Legitur

293 1386 349 1425 ibi
376 1384 579 1437 κάθαρμα·
601 1383 650 1423 οὐ
677 1383 830 1439 φθείρῃ
856 1382 1069 1436 κάθαρμα,
1090 1379 1192 1434 εἶπε,
1207 1382 1273 1422 καὶ
1290 1381 1473 1423 ἐκποδὼν
1488 1379 1585 1434 ἡμῖν
1601 1379 1835 1429 ἄπειςἮᾱθ
1849 1381 2001 1421 autem

294 1463 440 1493 annon
471 1452 640 1492 servari
671 1451 814 1502 possit
850 1448 946 1503 ἡμῖν
979 1452 1083 1498 (dat.
1110 1452 1228 1498 eth.).
1262 1450 1397 1491 Cobet
1430 1451 1684 1491 correxerat
1715 1448 1774 1490 οὐ
1805 1449 2012 1500 φθερεῖ.

349 1520 632 1570 Aristophani
673 1519 862 1559 fortasse
903 1519 1186 1560 tribuendum
1228 1520 1297 1559 est
1338 1518 1502 1559 veteris
1533 1516 1785 1558 comoediae
1815 1515 1868 1557 fr.
1899 1515 2004 1566 Pap.

292 1587 481 1636 Oxyrrh.
539 1588 581 1627 11
636 1598 676 1637 p.
731 1588 787 1626 20
829 1598 944 1638 sqq.‚
1003 1588 1117 1637 quod
1173 1587 1364 1627 tractavi
1411 1587 1454 1626 in
1502 1586 1715 1626 MnemoS.
1769 1593 1870 1624 nov.
1917 1582 2004 1624 vol.

298 1654 483 1694 XXVIII
515 1666 555 1706 p.
593 1656 676 1695 122
709 1665 802 1704 sqq,

242 1789 460 1833 Platonis
506 1790 557 1830 fr.
602 1791 642 1830 3.
699 1791 850 1831 Nauck
897 1790 994 1830 Mel.
1037 1789 1095 1829 VI
1136 1801 1176 1840 p.
1228 1790 1284 1830 84
1326 1799 1390 1839 sq.
1438 1788 1611 1829 Platoni
1657 1786 1880 1828 abiudicat
1922 1785 2006 1827 hoc

294 1858 611 1909 fragmentum,
654 1869 681 1898 a
721 1859 974 1899 Ptolemaeo
1017 1858 1084 1905 (cf.
1118 1858 1244 1898 Phot.
1277 1826 1380 1897 ffel.
1416 1857 1514 1907 151,
1548 1857 1589 1903 5)
1621 1854 1774 1896 fletum
1804 1856 1930 1896 ratus
1959 1856 2006 1895 et

293 1926 447 1976 probat
479 1937 543 1966 vs.
579 1928 604 1965 3
639 1926 841 1966 Meinekii
875 1927 1173 1967 coniecturam
1205 1924 1420 1965 ἕλεῖτον.

236 1993 303 2033 Fr.
337 1994 376 2033 8.
407 1993 517 2034 Cum
550 1994 614 2034 Bl.
647 2004 724 2044 pro
755 1999 1013 2046 τυροκνῆστις
1046 1994 1213 2044 corrige
1244 1992 1514 2045 τυρόκνηστις.

236 2061 303 2101 Fr.
343 2062 408 2101 10.
452 2061 515 2101 Bl.
555 2058 672 2103 <out
718 2059 910 2103 ἕκ>δότω
947 2069 1093 2112 <μοι>
1130 2059 1204 2101 κτὲ.
1246 2061 1330 2101 Sed
1372 2060 1424 2101 cf.
1458 2059 1637 2109 Lysippi
1677 2059 1729 2099 fr.
1764 2058 1804 2109 9,
1843 2058 1880 2098 1.
1915 2057 2000 2098 Pro

296 2129 483 2169 habilius
514 2129 700 2178 Bentley
733 2129 802 2169 vel
834 2130 1000 2170 Porson
1032 2129 1146 2179 apud
1179 2129 1410 2169 Kockium.

236 2197 303 2236 Fr.
341 2198 406 2237 13.
439 2196 669 2248 μαλλωτοὺς
700 2197 888 2237 coniecit
919 2197 1048 2237 idem.

236 2264 304 2303 Fr.
340 2266 405 2314 14,
441 2266 480 2304 2.
514 2265 749 2305 Iucundiue
781 2266 960 2305 sonaret
991 2263 1038 2303 τὰ
1069 2263 1227 2304 κοινὰ
1258 2262 1345 2303 καὶ
1376 2265 1657 2315 συκοφαντεῖν.

235 2331 301 2371 Fr.
338 2333 406 2382 22,
445 2334 481 2372 1.
529 2329 643 2383 ἡμῶν
684 2332 809 2372 malit
843 2332 927 2383 Bl.,
971 2332 1225 2382 praeferens
1266 2332 1448 2373 Porsoni
1489 2331 1620 2371 huius
1662 2329 1746 2370 loci
1793 2328 2002 2370 constitu-

294 2399 476 2440 tionem.

236 2466 303 2506 Fr.
338 2468 407 2508 24.
534 2466 571 2507 εἰ
599 2464 671 2519 μὲν
702 2461 776 2507 οὖν
808 2466 858 2507 σὺ
889 2466 963 2519 τὴν
993 2467 1206 2508 θάλασσαν
1237 2466 1535 2515 ἀποδώσεις
1565 2466 1715 2519 ταύτην
1746 2463 1859 2505 ἑκών·

530 2534 563 2575 εἰ
595 2532 638 2575 δὲ
668 2534 743 2587 μή,
771 2540 894 2575 ταῦτα
925 2535 1057 2575 πάντα
1087 2542 1358 2589 συντριαινῶν
1394 2534 1647 2575 ἀπώλεσα.

293 2601 501 2643 Tentavit
533 2603 678 2643 Kock:

530 2670 566 2710 εἰ
595 2666 667 2721 μὲν
700 2669 760 2709 σὺ
793 2669 982 2718 δώσεις
1013 2668 1086 2721 τὴν
1115 2670 1332 2710 θάλατταν·
1365 2669 1403 2711 εἰ
1431 2667 1475 2710 δὲ
1506 2669 1587 2722 μή,

532 2736 689 2777 ἅπαντα
721 2742 843 2777 ταῦτα
878 2743 1145 2790 συντριαινῶν
1175 2735 1469 2778 ἀποκλύσω.

294 2804 376 2844 Sed
419 2805 620 2855 displicet
660 2806 771 2855 quod
814 2806 999 2846 verbum
1041 2803 1283 2846 «innodationem
1315 2806 1563 2847 rectissime
1595 2803 1841 2844 adhibitum
1873 2802 1927 2843 de
1957 2811 2005 2843 re
2071 2788 2082 2793 κ

293 2871 485 2912 debita
517 2874 709 2914 mutavit
740 2883 820 2913 nec
852 2874 1089 2914 obsecutus
1129 2876 1199 2914 est
1230 2874 1329 2914 aliis
1361 2872 1688 2923 requirentibus
1718 2871 1866 2921 aptius
1897 2869 1940 2910 b.
1973 2867 2002 2910 1.

292 2941 585 2989 compositum
617 2940 861 2980 κατακλύσαι).
896 2941 1157 2991 scripserim
1190 2941 1346 2990 igitur:

529 3006 566 3047 εἰ
595 3005 667 3058 μὲν
699 3005 999 3056 ἀποδώσεις
1030 3006 1103 3059 τὴν
1135 3007 1351 3048 θάλατταν·
1386 3007 1422 3047 εἰ
1451 3004 1494 3047 δὲ
1525 3005 1599 3059 μή,

530 3075 685 3115 ἅπαντα
717 3082 839 3116 ταῦτα
872 3081 1138 3129 συντριαινῶν
1168 3075 1491 3117 κατακλύσσει.

295 3140 389 3182 Non
430 3143 483 3183 de
524 3144 796 3195 apoclysmo,
839 3145 915 3185 sed
948 3145 1000 3185 de
1033 3145 1389 3195 cataclysmo
1432 3144 1502 3184 hic
1533 3143 1691 3193 agitur.
1735 3139 2006 3191 Interpolata

298 3215 404 3252 sunt
446 3212 578 3251 verba
618 3212 667 3251 σὺ
710 3215 755 3252 et
796 3213 944 3263 ταύτην
974 3211 1096 3262 ἑκών,
1136 3213 1377 3263 depravata
1406 3216 1529 3252 ταῦτα
1561 3210 1692 3250 πάντα
1722 3211 1768 3250 et
1798 3206 2004 3260 ἀπώλεσα,

294 3290 370 3330 pro
402 3290 485 3328 quo
518 3277 673 3327 ἐξολῶ
706 3281 893 3320 coniecit
927 3280 1010 3330 BL,
1044 3280 1157 3329 quod
1193 3290 1279 3321 non
1310 3279 1525 3330 praefero.
