2216 3522
1101 218 1182 256 122

320 345 435 383 recte
467 342 571 383 olim
605 353 668 382 vs.
702 343 726 382 2
760 342 963 393 proposui
998 341 1129 381 ntum
1159 342 1251 394 γάρ;
1277 344 1396 383 recte
1426 342 1527 392 post
1557 338 1661 381 ἐστιν
1687 344 1770 388 (vs.
1803 340 1842 392 1)
1870 340 2025 382 deinde

321 410 440 450 Kock
471 410 741 460 transposuit
772 409 1083 460 hypostigmen
1114 410 1303 460 positam
1336 410 1437 460 post
1467 408 1596 461 κύβοι.

262 477 329 518 Fr.
362 478 432 527 40,
470 479 506 518 1.
539 475 722 529 λέγουσιν
754 474 797 516 ἐν
828 477 923 517 sine
957 487 1091 517 causa
1122 477 1187 518 Bl.
1223 499 1275 506 —
1309 476 1419 517 Cum
1451 476 1534 517 hoc
1563 475 1616 517 fr.
1649 485 1857 527 compara
1887 475 2023 516 etiam

320 544 587 585 Philemonis
618 544 669 584 fr.
702 545 783 584 139
815 547 859 585 et
890 547 1044 585 notum
1075 545 1220 585 locum
1253 546 1296 584 in
1328 543 1697 585 Pseudo-Luciani
1729 542 1978 584 Amoribus.

262 613 329 652 Fr.
362 613 431 661 42,
468 613 506 652 2.
550 612 723 653 Arridet
755 611 935 652 Nauckii
967 613 1219 652 coniectura
1249 609 1556 663 ὀζωμοτάριχος,
1591 620 1724 660 quam
1755 610 1869 651 falso
1901 620 2025 661 argu·

321 682 470 719 mento
525 680 756 729 impugnat
812 679 955 728 Kock;
1016 689 1102 719 vox
1158 679 1325 730 optime
1377 678 1570 719 formata
1615 679 1683 719 est
1731 687 1786 718 ex
1833 676 1936 726 ὄζειν
1981 679 2027 719 et

320 746 571 799 ὠμοτάριχος.

263 816 329 856 Fr.
362 817 431 866 45,
466 817 506 855 4.
553 813 778 866 ἀκαφρίσαι
827 813 1028 866 (verbum
1075 815 1188 865 apud
1236 815 1357 855 solos
1407 815 1679 865 Geoponicos
1722 813 1903 860 lectum)
1948 822 2027 863 pro

319 881 539 935 ἀφυβρίσαι
567 883 752 923 coniecit
781 882 844 923 Bl.
878 883 1150 933 ingeniosius
1181 893 1314 932 quam
1342 883 1501 923 verius.
1536 882 1727 932 Vulgata
1756 881 1888 922 lectio
1917 890 2029 922 sana

321 951 507 991 videtur.

260 1019 327 1059 Fr.
377 1019 446 1068 48,
482 1019 521 1059 3.
565 1019 718 1059 Kockii
761 1018 1061 1059 coniecturam
1102 1019 1147 1058 et
1188 1028 1268 1068 ego
1300 1018 1407 1059 olim
1437 1017 1685 1068 improbavi
1715 1017 1761 1057 et
1791 1025 1910 1057 nunc
1938 1015 2025 1067 BL,

318 1087 390 1135 qui
423 1087 644 1127 immerito
677 1086 720 1125 in
751 1085 803 1127 fr.
836 1086 892 1125 49
925 1087 1075 1126 tuetur
1106 1083 1435 1137 τάπεσταλμένον.

260 1154 327 1194 Fr.
362 1156 430 1194 55.
464 1154 528 1194 Bl.
577 1153 644 1201 δὸς
688 1158 779 1203 (pro
820 1151 901 1199 καὶ)
945 1153 1121 1208 Ζωπύρα
1162 1153 1392 1195 violenter.
1435 1153 1544 1205 Quid
1585 1151 1874 1203 praecesserit
1907 1161 2028 1192 secu·

318 1224 471 1261 tumve
502 1222 561 1261 sit
593 1221 897 1271 ignorantibus
928 1221 1036 1261 talia
1066 1223 1241 1262 mutare
1272 1221 1390 1262 male
1423 1231 1559 1262 sanae
1591 1222 1661 1262 est
1692 1219 1879 1260 critices.

259 1289 327 1329 Fr.
361 1291 431 1339 56,
466 1290 491 1329 6
538 1287 690 1336 πάντας
732 1289 776 1328 in
818 1287 977 1336 πάντως
1018 1291 1165 1329 mutat
1194 1289 1335 1340 Kock,
1378 1289 1526 1330 locum
1558 1297 1788 1339 perperam
1819 1287 2027 1337 interpre-

321 1358 459 1406 tatus,
502 1367 582 1396 nec
624 1356 783 1396 melius
825 1355 889 1396 Bl.
928 1366 993 1396 vs,
1028 1358 1053 1396 5
1096 1355 1225 1407 μόνον
1264 1357 1310 1397 in
1351 1356 1493 1407 μόνοις
1525 1358 1572 1396 et
1603 1366 1668 1396 vs.
1701 1356 1727 1396 6
1758 1360 1894 1394 πᾶσιν.
1925 1353 2024 1394 Tra·

319 1424 436 1464 ditae
467 1425 709 1474 scripturae
734 1424 998 1464 sanissimae
1023 1426 1142 1465 sunt.
1176 1424 1379 1475 Ζημίαν
1409 1429 1496 1476 τῆς
1527 1421 1710 1476 τέχνης
1741 1424 1872 1473 poeta
1898 1419 2027 1462 vocat

318 1492 391 1540 qui
433 1502 519 1531 non
560 1493 628 1531 tot
667 1492 812 1541 pisces
848 1493 1003 1531 emunt
1042 1494 1148 1540 quot
1189 1491 1475 1533 Callimedon.
1510 1514 1563 1530 -.-
1604 1490 1679 1531 Vs.
1721 1491 1763 1531 4.
1809 1489 1919 1531 Cum
1958 1489 2026 1530 Bl.

322 1559 474 1598 malim
507 1558 686 1610 κάραβον
717 1557 886 1610 ἔχουσαν
916 1555 1051 1598 ὀπτὸν.

262 1627 329 1666 Fr.
363 1627 433 1666 58.
467 1626 530 1667 Bl.
563 1624 650 1674 τὰς
682 1625 926 1677 φιλοτησίας.
953 1626 1036 1667 Sed
1069 1626 1122 1667 cf.
1150 1626 1284 1667 Bekk.
1312 1627 1410 1678 An„
1437 1627 1583 1668 locum
1600 1626 1786 1667 allatum
1804 1624 2026 1667 aKockio.

262 1695 328 1734 Fr.
363 1695 432 1744 59,
471 1696 506 1734 1.
555 1690 723 1746 φέρουσ’
774 1689 925 1734 οἶνον
970 1694 1122 1747 γλυκὺν
1164 1695 1304 1745 Kock,
1348 1696 1567 1745 sagaciter
1605 1705 1693 1736 sec.
1731 1694 1816 1745 Bl.,
1857 1695 2026 1735 temere

319 1773 390 1803 me
421 1763 575 1803 iudice.
608 1763 827 1813 Legitima
857 1762 1026 1804 obtinet
1058 1763 1241 1813 ellipsis.
1273 1763 1335 1804 cf.
1368 1764 1420 1804 rr.
1458 1758 1555 1828 1773,
1594 1750 1649 1849 Ψ
2016 1718 2090 1842 2s
2139 1706 2216 1845 *rs

750 1830 966 1883 βοτρύδιόν
997 1846 1052 1882 τι,
1082 1830 1239 1883 χόριον,
1269 1830 1312 1871 ἐν
1343 1831 1519 1888 ποτηρίῳ

752 1898 968 1951 γλυκύν·
1000 1898 1044 1939 τὸ
1075 1904 1259 1939 τοιοῦτον
1290 1897 1365 1938 κτὲ.

321 1966 450 2006 Nulla
494 1968 644 2007 autem
686 1969 756 2006 est
796 1966 840 2007 in
882 1956 1067 2007 articulo
1109 1967 1310 2018 offensio,
1354 1967 1391 2007 si
1432 1967 1476 2007 in
1508 1967 1779 2018 praegressis
1809 1967 1905 2007 eius
1936 1965 2027 2006 vini

319 2035 407 2074 iam
441 2034 557 2074 sacta
588 2036 684 2075 erat
714 2035 894 2075 mentio.

262 2102 328 2141 Fr.
363 2103 432 2142 60.
1276 2102 1350 2155 τὴν
1381 2102 1548 2155 σπάθην

630 2172 634 2178 ‘
733 2168 776 2209 ἐν
807 2176 860 2225 τῷ
892 2170 1005 2226 μύρῳ
1038 2173 1231 2222 καθῆκεν.

320 2236 480 2276 Comici
529 2236 652 2276 attici
700 2238 833 2278 attice
879 2238 1180 2290 loquebantur,
1229 2239 1396 2289 opinor,
1450 2248 1538 2279 non
1592 2237 1832 2287 homerico,
1879 2236 2027 2285 itaque

320 2314 458 2352 neque
506 2304 727 2345 homerico
774 2303 816 2344 ἐν
858 2304 955 2358 πυρὶ
994 2306 1154 2358 βάλλειν
1195 2316 1335 2356 neque
1375 2306 1476 2347 aliis
1516 2305 1738 2346 similibus
1777 2304 1888 2345 haec
1925 2312 2024 2352 syn·

318 2372 436 2411 taxis
469 2372 726 2412 defenditur.
760 2372 947 2421 Requiro
979 2371 1018 2421 ἐς
1049 2373 1091 2414 τὸ
1124 2373 1255 2427 μύρον
1285 2372 1531 2427 ἐγκαθῆκεν,
1560 2374 1609 2413 ut
1642 2373 1715 2413 Ar.
1748 2372 1849 2422 Lys.
1882 2370 1970 2411 308

525 2444 593 2490 τῆς
625 2438 805 2490 ἀμπέλου
838 2436 873 2479 δ’
910 2439 948 2488 ἐς
977 2440 1049 2492 τὴν
1079 2442 1227 2493 χύτραν
1259 2440 1329 2482 τὸν
1360 2439 1494 2493 φανὸν
1526 2438 1772 2495 ἐγκαθέντες.

318 2506 379 2546 De
411 2516 457 2547 re
488 2507 552 2547 Bi.
586 2507 660 2548 cst.
694 2508 1005 2558 Aristophanis
1035 2509 1086 2549 fr.
1122 2509 1221 2550 205.
2210 2562 2216 2566 ι

261 2574 326 2613 Fr.
361 2575 429 2614 62.
459 2575 723 2625 Antiphanis
749 2575 799 2615 fr.
821 2576 905 2616 202
938 2576 1012 2617 cft.
1042 2577 1233 2617 Crusius.
1256 2600 1307 2606 —
1330 2577 1404 2618 Vs.
1425 2578 1465 2618 8.
1499 2577 1584 2617 Vix
1617 2576 1820 2617 credibile
1850 2574 1916 2615 131.
1947 2582 2026 2624 pro
2204 2575 2216 2617 ἢ

318 2642 556 2681 sanissimo
622 2641 791 2693 ὑόμενος
845 2643 1174 2694 ineptissimum
1228 2643 1473 2695 λουσάμενος
1537 2653 1776 2694 proponere
1830 2641 2026 2693 potuisse

321 2710 446 2749 Add.
481 2721 519 2759 p.
555 2710 655 2750 386.
1147 2743 1154 2751 .

263 2777 327 2816 Fr.
362 2778 431 2827 65,
470 2778 488 2815 1
535 2775 578 2816 δέ
608 2789 670 2817 σοι
713 2778 978 2819 coniecturis
1010 2779 1109 2819 addi
1148 2779 1212 2820 Bl.
1246 2789 1323 2830 pro
1355 2777 1394 2819 τέ
1424 2794 1492 2831 μοι
1523 2778 1614 2826 (sed
1646 2788 1722 2819 cur
1758 2791 1797 2818 τε
1827 2776 2027 2818 mutetur

319 2854 371 2883 ne
403 2843 632 2885 levissima
662 2845 838 2894 quidem
871 2856 1005 2886 causa
1035 2847 1137 2897 est),
1173 2856 1237 2887 vs.
1267 2847 1291 2886 2
1323 2846 1476 2897 legens
1505 2843 1746 2899 προῦπεμψέ
1775 2840 1827 2896 μ’.

262 2910 328 2949 Fr.
363 2911 431 2950 68.
481 2911 662 2952 Poetam
709 2913 875 2953 imitari
923 2913 1183 2964 Sophoclem
1231 2914 1283 2955 rr.
1318 2915 1402 2955 512
1450 2913 1698 2967 φιλάργυρον
1743 2911 1819 2966 γὰρ
1859 2917 1942 2952 πᾶν
1980 2909 2025 2952 τὸ

320 2978 524 3029 βάρβαρον
566 2977 679 3030 γένος
721 2982 874 3021 monet
914 2980 997 3031 Bl.,
1042 2983 1209 3022 temere
1240 2997 1324 3030 πως
1355 2981 1577 3023 coniciens
1607 2991 1684 3032 pro
1714 2986 1796 3021 πᾶν
1826 2982 1870 3021 et
1900 2978 2026 3031 peius

321 3045 455 3084 etiam
491 3046 531 3085 in
566 3046 691 3087 Add.
724 3058 762 3096 p.
783 3048 869 3088 336
902 3048 1041 3100 Σύρον
1073 3046 1151 3088 ἐστι
1182 3059 1260 3100 pro
1290 3049 1503 3102 Σάρδεων,
1533 3059 1614 3090 nec
1640 3048 1801 3089 melius
1826 3047 1879 3089 rr.
1902 3046 1973 3098 70,
1996 3046 2023 3087 2

317 3111 558 3152 sollicitans
599 3116 643 3153 et
683 3114 849 3155 frustra
885 3115 1139 3166 improbans
1171 3127 1236 3158 vs.
1270 3118 1295 3158 5
1327 3116 1529 3158 Meinekii
1561 3117 1860 3157 coniecturam
1889 3114 2026 3163 καλοῖς

321 3189 396 3227 pro
437 3178 579 3227 ἄλλοις.
621 3181 714 3222 Νοη
755 3183 899 3232 magis
939 3184 1127 3224 eundem
1168 3194 1326 3234 sequar
1357 3186 1606 3225 tentantem
1644 3184 1696 3225 fr.
1730 3184 1781 3225 71
1816 3184 1862 3224 et
1892 3182 1964 3234 76,
1997 3181 2023 3222 2

320 3244 464 3296 γίνεται
497 3246 538 3292 (l.
572 3247 757 3300 γίγνεται)
795 3253 962 3291 temere
993 3252 1242 3292 mutantem
1275 3252 1317 3292 in
1350 3251 1510 3300 σώζεται
1542 3257 1587 3293 et
1619 3262 1683 3293 vs.
1716 3253 1742 3292 5
1774 3246 1803 3291 τ’
1837 3250 1883 3291 in
1913 3245 1947 3290 δ’
1979 3249 2027 3290 et
