2216 3522
1026 272 1080 310 35

179 393 247 433 Fr.
280 393 350 443 82,
383 393 453 443 83,
486 393 557 443 84,
596 394 666 443 85,
700 394 770 444 86,
805 395 860 434 89
910 395 1025 435 haud
1066 395 1193 435 dubie
1233 397 1524 445 grammatico
1565 398 1813 447 Phrynicho
1860 401 1930 439 tri-

237 460 411 500 buenda
440 470 557 510 esse,
589 461 667 502 sed
695 462 863 511 tragico
889 463 1013 502 fr.>91
1043 466 1161 503 recte
1188 464 1412 504 contendit
1437 464 1587 504 Nauck
1608 466 1703 506 Mel.
1722 466 1781 504 VI
1796 477 1837 516 p.
1856 468 1930 515 76;

237 538 424 568 monens
462 527 515 568 fr.
553 530 609 569 84
650 529 866 580 Euripidis
911 541 1008 570 esse
1048 531 1099 570 fr.
1142 532 1242 581 473,
1280 532 1316 570 1.
1364 531 1512 580 Neque
1557 532 1602 572 in
1649 543 1747 573 sero
1793 544 1933 582 gram·

198 639 203 642 ,
237 596 400 636 matico
430 597 662 646 quisquam
688 597 880 647 culpabit
909 595 1204 648 ἀκροτελεύτιον
1235 598 1402 638 dictum
1443 609 1519 647 pro
1550 597 1827 648 ἀκροτέλευτον
1859 603 1936 640 aut

237 661 579 716 ἀκροτελευταῐον,
608 665 722 713 quod
754 664 950 715 postulat
980 664 1045 704 Bl.

183 796 520 854 Aristophanis
559 800 611 839 fr.
653 801 693 850 8,
738 801 778 839 2.
824 800 919 839 Imo
960 810 1063 839 vero
1111 797 1335 852 ὡσπερεὶ
1381 806 1574 839 καινοῦ
1619 802 1942 853 λυχνούχου,

238 867 352 916 quod
382 867 473 907 iam
503 867 568 907 Bl.
602 868 727 907 video
759 867 1032 907 emendasse.

180 934 249 974 Fr.
286 935 353 974 13.
386 934 627 975 Headlam:

1042 997 1124 1041 εἶτα
1155 1007 1240 1048 πῶς
1274 1001 1562 1055 ὁειπνήσομεν;

624 1071 668 1108 Β.
701 1068 861 1117 Burnum
894 1067 961 1108 διὰ
991 1069 1136 1117 νυκτός

239 1147 318 1186 pro
348 1136 460 1188 ἴσως,
488 1138 638 1178 minus
669 1138 778 1178 bene
808 1138 972 1178 addens
1008 1140 1112 1188 „aut
1142 1139 1270 1185 πῶς”.
1304 1138 1410 1178 Mihi
1441 1149 1528 1178 non
1558 1139 1710 1188 liquet.

181 1204 251 1244 Fr.
286 1205 354 1245 14.
386 1204 496 1245 Cum
526 1205 592 1245 Bl.
628 1206 801 1255 requiro
832 1205 1180 1256 λυχνειδίοιν.

181 1273 250 1312 Fr.
286 1274 353 1313 16.
386 1273 696 1323 Aristophanis
726 1274 872 1313 aetate
903 1274 1090 1313 atticum
1121 1274 1216 1313 erat
1246 1273 1374 1328 κλῃδ
1384 1273 1401 1311 ι’
1409 1287 1430 1312 ο
1442 1288 1485 1323 ν,
1516 1284 1603 1314 non
1634 1274 1816 1314 κλειδίον.

182 1340 251 1380 Fr.
286 1341 354 1380 18.
547 1340 686 1393 γύναι,
714 1339 754 1379 τί
781 1339 824 1379 τὸ
856 1345 1052 1391 ψοφῆσαν
1084 1336 1194 1388 ἐσθ’;
1226 1341 1270 1378 Β.
1302 1337 1526 1392 ἁλεκτρυὼν

347 1418 353 1423 “
555 1406 629 1458 τὴν
659 1407 802 1447 κύλικα
832 1406 1139 1460 καταβέβληκεν.
1170 1411 1219 1446 Α.
1252 1407 1551 1458 οἰμώζουσα
1583 1423 1644 1460 γε.

239 1475 416 1515 Brunck
454 1486 665 1526 praesens
705 1475 929 1527 οἰμώζουσα
971 1475 1202 1515 insolitum
1241 1486 1338 1515 esse
1371 1476 1439 1521 (cf.
1473 1476 1600 1526 Vesp.
1638 1477 1750 1517 1033
1769 1493 1823 1508 =
1841 1478 1939 1517 Pac.

243 1544 344 1590 756)
385 1543 582 1583 sentiens
621 1544 715 1592 ipse
756 1545 910 1583 contra
947 1553 1198 1583 sermonem
1238 1544 1436 1592 peccavit
1467 1544 1688 1593 corrigens
1719 1544 1944 1595 οἰμώξουσά

241 1624 296 1663 γε.
337 1610 501 1651 Omnes
546 1610 630 1650 loci
675 1611 832 1659 quibus
872 1621 970 1660 pag.
1016 1611 1114 1651 297.
1161 1611 1226 1650 Bl.
1268 1611 1478 1650 traditam
1520 1611 1754 1651 lectionem
1795 1614 1945 1652 tuetur

242 1680 393 1729 aperte
423 1679 509 1718 huc
539 1688 627 1718 non
656 1678 876 1728 pertinent
902 1679 1075 1727 praeter
1098 1688 1237 1717 unum
1263 1678 1450 1718 fortasse
1475 1679 1691 1718 Anaxilae
1713 1679 1868 1728 fragm.
1887 1680 1942 1719 24

242 1744 311 1784 καὶ
349 1744 449 1797 πρὸς
487 1743 550 1784 ἐπὶ
590 1745 744 1792 τούτοις
783 1743 949 1791 τιθασὸς
990 1744 1169 1795 οἰμώζων
1209 1739 1329 1795 ταῶς,
1369 1746 1421 1785 de
1462 1756 1547 1795 quo
1588 1746 1701 1785 infra
1739 1756 1818 1786 Suo
1849 1746 1942 1786 loco

243 1813 503 1853 videbimus.
536 1813 740 1862 Suspicor
770 1813 920 1852 autem
945 1812 1285 1861 Aristophanem
1315 1813 1486 1852 dedisse
1517 1813 1629 1862 quod
1662 1813 1765 1852 alibi
1794 1813 1838 1852 in
1865 1814 1945 1853 tali

250 1890 297 1921 re
327 1880 412 1920 dici
443 1880 559 1920 solet

1079 1949 1128 1985 A.
1160 1943 1254 1985 οὐκ
1286 1946 1588 1998 οἰμώξεται;

246 2014 343 2055 coll.
385 2014 494 2054 Ran.
530 2015 613 2054 178
646 2016 690 2055 et
721 2015 920 2054 Menand.
954 2014 1013 2054 IV
1049 2015 1132 2054 120
1164 2015 1241 2065 M„
1284 2016 1362 2055 aut
1402 2013 1463 2062 ὡς
1506 2014 1805 2066 οἰμώξεται,
1845 2016 1939 2056 coll.

246 2083 300 2129 (si
329 2084 448 2123 recte
477 2083 679 2128 traditur)
710 2082 818 2122 Ran.
854 2082 954 2122 287.

186 2149 256 2189 Fr.
288 2150 357 2189 20.
391 2149 453 2189 Cf.
486 2149 794 2199 Aristophanis
823 2150 980 2198 fragm.
1014 2147 1195 2201 ἐμβαλὼν
1225 2147 1394 2200 ἀχηνίαν
1425 2150 1469 2189 in
1502 2150 1660 2190 Lexico
1697 2151 1941 2190 Sabbaitico

246 2227 287 2266 p.
319 2218 361 2256 3.
398 2218 463 2256 17.
491 2238 545 2245 -
571 2217 945 2256 Inconsideratius
980 2217 1045 2256 Bl.
1087 2227 1245 2256 sanum
1287 2217 1338 2257 fr.
1388 2218 1442 2256 21
1490 2217 1648 2266 triplici
1694 2218 1943 2257 coniectura

248 2283 443 2323 vexavit.

189 2349 258 2389 Fr.
289 2350 346 2390 22
376 2360 464 2390 non
495 2350 822 2390 sollicitandum
853 2361 951 2390 esse
985 2350 1090 2390 olim
1122 2351 1248 2390 docui
1281 2351 1437 2390 collato
1468 2351 1745 2401 Hippocratis
1775 2352 1870 2392 loco
1901 2353 1942 2392 II

249 2418 333 2456 347
367 2417 448 2463 (ed.
480 2417 613 2463 ΕΗΒ.)
643 2423 785 2467 φακῶν
815 2415 883 2456 καὶ
908 2414 1064 2469 ὀρόβων
1094 2416 1385 2470 πεφρυγμένων
1417 2415 1561 2467 ἄλφιτα
1587 2418 1771 2469 καθήρας
1794 2417 1942 2458 ὁπόσον

246 2480 494 2535 ἡμιχοίνικον
549 2482 761 2537 ἑκατέρων,
816 2484 1073 2535 ξυμφυρῆσαι
1125 2482 1247 2535 μέλιτι
1291 2483 1357 2523 καὶ
1404 2482 1493 2532 ὄξεϊ.
1540 2485 1623 2534 Agi
1669 2486 1845 2526 Videtur
1889 2486 1941 2526 de

246 2551 367 2600 aegri
397 2551 627 2591 medicina.

188 2617 258 2657 Fr.
289 2618 358 2658 24.
389 2617 452 2658 De
482 2616 611 2657 πόθεν
643 2632 716 2663 -;
747 2618 811 2658 Bl.
844 2619 917 2658 cft.
951 2618 1003 2658 fr.
1038 2619 1147 2667 530;
1187 2618 1285 2658 Pac.
1320 2619 1388 2658 20.
1424 2620 1532 2667 521;
1577 2620 1776 2660 Pherecr.
1813 2622 1852 2670 5,
1888 2623 1939 2668 4;

247 2684 475 2734 Apolloph.
508 2686 550 2725 H
581 2686 668 2725 880
699 2686 776 2734 M.;
811 2686 967 2726 Aesch.
1002 2686 1147 2735 Suppl.
1182 2686 1281 2725 792.

189 2752 258 2792 Fr.
291 2754 360 2793 26.
393 2747 424 2791 ὦ
452 2753 584 2792 -σύ,
614 2753 679 2792 Bl.
713 2753 786 2793 cst.
809 2753 917 2793 Rau.
945 2755 1054 2801 465;
1088 2753 1186 2792 Pac.
1223 2754 1318 2792 182.
1351 2754 1565 2802 Anaxipp.
1600 2755 1640 2802 6,
1674 2756 1700 2792 4
1734 2754 1842 2799 (sine
1875 2748 1939 2803 ὦ),

247 2819 442 2869 Apollod.
474 2819 569 2861 Car.
600 2820 660 2859 IV
685 2821 771 2860 440
798 2821 895 2867 (M.).
930 2820 1048 2860 Com.
1077 2831 1204 2859 anon.
1232 2820 1290 2858 IV
1322 2821 1405 2860 657
1436 2821 1534 2865 (M.).
1569 2820 1691 2859 Adde
1717 2821 1826 2860 Nub.
1855 2822 1940 2860 375

248 2880 279 2925 ὦ
309 2886 440 2925 πάντα
479 2887 529 2926 σὺ
559 2890 724 2937 τολμῶν.
765 2888 902 2927 Abest
932 2888 982 2926 σύ
1013 2887 1121 2926 Nub.
1159 2888 1293 2935 1327;
1332 2886 1559 2935 Cephisod.
1596 2888 1641 2934 73
1675 2887 1834 2936 Phryn.
1870 2888 1938 2935 33,

247 2964 356 3003 quos
385 2954 505 2994 locos
534 2956 760 3004 praeterea
790 2955 899 2995 citat
930 2954 1032 2994 huic
1063 2954 1248 2994 similes.

190 3021 258 3060 Fr.
292 3021 361 3061 27.
394 3021 506 3071 Apte
536 3022 601 3061 Bl.
634 3021 719 3061 eft.
743 3022 938 3072 Ποτάμιοι
968 3021 1010 3061 οἱ
1037 3021 1300 3072 καθύπερθεν
1333 3022 1377 3060 et
1409 3019 1450 3059 οἵ
1476 3017 1698 3072 ὑπένερθεν
1731 3021 1774 3060 in
1806 3020 1940 3060 schol.

248 3088 377 3128 Hom.
421 3090 465 3126 Ψ
493 3089 593 3128 545.

190 3154 257 3194 F'r.
291 3155 360 3195 28.
392 3165 466 3193 σου
497 3165 574 3205 pro
604 3169 684 3194 που
713 3156 777 3195 Bl.
810 3157 904 3195 sine
935 3166 1068 3196 causa
1099 3156 1265 3194 idonea.
1305 3154 1366 3193 De
1397 3164 1443 3193 re
1475 3154 1639 3203 optime
1670 3155 1777 3193 citat
1809 3155 1941 3193 Arist.

248 3220 302 3260 H.
329 3221 380 3260 A.
411 3221 511 3260 VIII
542 3222 568 3261 4
610 3224 655 3262 et
693 3222 904 3263 Catonem
946 3223 1059 3272 apud
1099 3222 1205 3261 Gell.
1240 3221 1288 3260 N.
1317 3221 1367 3260 A.
1402 3221 1420 3259 I
1458 3222 1523 3270 15,
1558 3221 1607 3269 9;
1651 3221 1704 3260 ad
1746 3220 1857 3274 κίστῃ
1889 3243 1934 3247 -

248 3291 582 3339 φαρμακοπωλῶν
613 3289 879 3340 Theopompi
911 3289 962 3329 fr.
998 3290 1037 3328 2.
