2216 3522
1090 189 1171 229 192

246 315 312 357 Fr.
348 316 387 366 7,
422 317 461 357 5.
1237 313 1297 355 ὅτι
1327 313 1612 368 πεπλασμένως

600 381 643 422 τὸ
674 387 837 435 πρᾶγμα
867 388 1265 434 παρακεντοῦσι
1297 382 1398 423 κούκ
1428 381 1651 436 ἀληθενῶς.

300 452 500 492 Nondum
532 451 725 501 poenitet
758 461 828 491 me
860 451 972 491 hanc
1003 451 1235 491 lectionem
1268 451 1515 492 defendisse
1541 463 1566 493 a
1598 463 1734 503 prava
1758 454 2011 495 coniectura

301 518 584 571 περιπέττουσι.
627 519 744 558 Scire
785 519 902 559 enim
946 519 1078 559 velim
1121 530 1207 569 qua
1243 519 1330 560 alia
1360 521 1530 560 ratione
1560 531 1692 571 quam
1724 519 2009 573 πεπλασμένως

299 587 397 627 κούκ
428 586 634 639 ἀληθινῶς
666 588 804 636 possit
836 587 996 636 aliquis
1027 586 1271 640 περιπέττειν
1303 604 1338 628 τι
1369 594 1543 642 πρᾶγμα.

243 688 424 743 Ερίηἰθί
457 689 508 728 fr.
548 691 581 738 1,
622 691 656 729 1.
701 686 995 738 ἐπαλφιτοῦντα
1028 684 1066 727 δ’
1101 683 1214 729 οἶνον
1246 694 1317 729 τοῦ
1346 687 1496 742 θέρους
1532 688 1627 730 ποτέ
1656 702 1757 732 cum
1789 693 2008 743 spondaeo

299 758 342 796 in
373 757 475 797 sede
508 758 664 805 quarta
689 756 772 805 Β1.,
807 757 879 804 qui
912 756 1008 796 sine
1038 757 1145 797 vitio
1173 757 1366 798 scribere
1388 759 1594 808 potuerat
1618 756 1913 810 ἐπαλφιτοῦντα
1937 766 2011 801 τοῦ

299 823 447 875 θέρους
464 819 577 863 οἶνον
593 824 676 870 (vel
697 819 732 863 δ’
754 818 881 870 οἶνόν)
898 837 1002 863 ποτε.
1020 824 1103 865 Sed
1121 825 1487 874 acquiescendum
1505 825 1654 867 Cobeti
1672 828 2008 869 correctione.—

303 895 373 934 Vs.
407 895 446 933 7.
480 893 786 934 Coniecturam
814 903 960 933 meam
990 892 1143 944 νασμὸν
1174 893 1350 945 μελίττης
1382 895 1451 940 (cf.
1484 895 1721 944 Antiphan.
1750 896 1819 947 52,
1848 897 1890 943 7)
1916 907 2008 947 pro·

300 963 373 1002 bat
405 963 483 1012 Β1.,
516 963 587 1012 qui
621 972 696 1003 cur
726 961 919 1002 notabile
960 963 1085 1012 putet
1115 960 1240 1014 ὑγρὸν
1271 965 1470 1013 correpta
1502 963 1644 1014 priore
1680 965 1745 1010 (ut
1774 963 1934 1014 ubique
1965 965 2009 1005 in

299 1030 539 1075 comoedia)
572 1040 642 1069 me
676 1029 850 1079 quidem
883 1028 1007 1070 latet.

243 1099 308 1138 Fr.
342 1099 381 1148 2,
415 1100 455 1137 4.
490 1098 553 1138 Bl.
595 1098 723 1137 malit
764 1096 1066 1148 περιάγεκς>ς
1098 1097 1215 1138 Cur?
1250 1120 1302 1125 —-
1337 1098 1410 1138 Vs.
1448 1099 1514 1138 10.
1558 1098 1793 1149 vulgatum
1826 1097 2007 1151 εἰσηκον-

298 1164 413 1212 τικὼς
445 1165 604 1205 melius
637 1165 843 1214 intellego
875 1175 1005 1214 quam
1040 1163 1297 1215 ἕξηκοντικώς
1329 1165 1442 1216 (ΒΙ.),
1481 1166 1594 1215 quod
1627 1166 1922 1217 compositum
1953 1167 2007 1208 de

299 1234 509 1274 iaculis
541 1235 790 1283 usurpatur,
822 1243 909 1273 non
941 1233 993 1272 de
1019 1233 1190 1284 bestiis,
1223 1243 1334 1283 quae
1367 1234 1522 1274 iaculis
1555 1237 1776 1284 petuntur.

240 1333 544 1377 Phoenicidis
575 1334 627 1374 fr.
662 1334 700 1383 2,
740 1335 775 1373 1.
808 1331 965 1386 λέγουσι
996 1343 1073 1383 pro
1106 1331 1291 1386 λέγουσιν
1322 1334 1387 1374 Bl.

241 1403 307 1442 Fr.
341 1404 381 1452 4,
416 1403 456 1442 8.
499 1403 582 1442 Pro
619 1401 838 1453 λαμβάιειν
880 1401 997 1440 idem
1040 1402 1227 1441 coniecit
1272 1401 1505 1452 προσδοκᾶν
1546 1402 1772 1442 violenter.
1820 1402 2008 1444 Felicius

297 1468 509 1520 ἀναμένειν
536 1470 720 1519 Madvig.
750 1469 915 1508 Ibidem
933 1465 1034 1508 τοῦτ’
1054 1472 1132 1509 aut
1157 1465 1262 1509 ταῦτ’
1282 1468 1498 1516 (=tot1'›t‹'›)
1516 1470 1688 1519 requiro
1714 1480 1791 1520 pro
1817 1466 1936 1510 ταῦτ’.
1950 1493 2003 1500 -

299 1538 374 1577 Vs,
412 1539 463 1577 12
497 1548 519 1577 s
581 1568 589 1577 .

504 1549 575 1634 .qq
1150 1604 1343 1657 λαμβάνω
1376 1601 1412 1644 δ’
1449 1603 1570 1644 ἄλλον
1601 1604 1708 1655 τινά,

671 1671 821 1723 ἰατρόν,
852 1665 968 1718 οὗτος
1001 1670 1172 1723 εἰσάγων
1203 1672 1431 1720 πολλούς
1463 1687 1572 1720 τινας

668 1736 788 1790 ἔτεμν’
824 1738 932 1789 ἔκαε,
963 1737 1115 1791 πτωχὸς
1148 1733 1210 1791 ἦν
1242 1738 1307 1779 καὶ
1340 1739 1496 1791 δήμιος.

297 1810 378 1848 Pro
408 1808 598 1857 πολλούς,
629 1807 740 1856 quod
773 1817 879 1848 sane
909 1807 1109 1856 languet,
1143 1807 1266 1847 Kock
1292 1807 1483 1848 coniecit
1518 1808 1690 1860 χωλούς,
1720 1810 1768 1848 at
1792 1809 1836 1848 in
1864 1808 2007 1848 clau·

295 1877 391 1916 dos
423 1886 575 1926 parum
604 1875 818 1924 quadrare
846 1874 1018 1914 videtur
1042 1873 1085 1913 τὸ
1112 1872 1267 1926 τέμνειν
1292 1873 1357 1914 καὶ
1384 1874 1507 1914 κάειν.
1527 1875 1609 1916 Sed
1627 1875 1768 1916 multo
1784 1875 2006 1917 infelicius

294 1944 438 1991 νόσους
485 1943 670 1984 coniecit
710 1942 789 1992 Β1.,
834 1942 947 1991 quod
989 1943 1111 1982 omni
1152 1952 1287 1983 sensu
1320 1945 1458 1994 caret,
1491 1954 1572 1984 nec
1603 1944 1793 1996 νοσερούς
1834 1944 2002 1984 dictum

294 2023 370 2062 pro
411 2016 631 2058 νοσοῦντας
673 2010 800 2060 plane
841 2010 950 2049 mihi
991 2010 1225 2050 satisfacit.
1269 2010 1409 2051 Malus
1451 2013 1599 2052 autem
1633 2011 1848 2062 medicus,
1881 2021 2000 2061 prae·

292 2081 447 2119 sertim
474 2080 512 2118 is
539 2078 610 2128 qui
627 2088 803 2126 semper
818 2079 939 2117 secat
961 2077 1151 2127 uritque,
1179 2078 1346 2127 optime
1373 2078 1635 2119 carnifex
1662 2079 1833 2128 dicitur,
1852 2078 2000 2128 itaque

293 2147 435 2198 δήμιος
467 2147 657 2196 pessime
686 2146 729 2184 in
762 2145 1055 2194 suspicionem
1092 2146 1267 2185 vocavit
1297 2145 1381 2196 Β1.,
1414 2145 1560 2196 paullo
1592 2147 1744 2186 contra
1773 2146 2001 2186 obscurius

294 2218 364 2255 est.
392 2213 563 2266 πτωχὸς,
593 2213 676 2254 nisi
708 2213 1003 2262 corrigamus:

702 2276 822 2331 ἕτεμν’
859 2278 967 2330 ἔκαε,
997 2279 1149 2332 πτωχὸς
1180 2278 1247 2320 ὢν
1278 2279 1344 2320 καὶ
1376 2280 1542 2332 δήμιος;

293 2352 317 2390 i.
352 2361 387 2390 e.
439 2360 565 2399 „cum
614 2350 790 2399 propter
837 2348 1142 2388 inhaerentem
1190 2349 1370 2399 pauperi
1412 2348 1645 2388 avaritiam
1684 2350 1781 2389 tum
1822 2349 2000 2399 propter

291 2418 453 2467 ingenii
481 2416 831 2457 crudelitatem”.
860 2416 1072 2461 Medicam
1100 2418 1239 2456 artem
1260 2419 1498 2466 utcumque
1516 2426 1727 2457 exercens
1743 2416 1875 2457 homo
1891 2416 1999 2457 nihil

292 2485 470 2525 curabat
496 2483 581 2524 nisi
608 2484 851 2533 pecuniam.
879 2483 987 2523 Vide
1013 2485 1163 2523 tamen
1190 2494 1244 2523 ne
1270 2484 1411 2524 multo
1429 2484 1590 2524 clarius
1605 2486 1734 2534 poeta
1749 2485 1997 2534 scripserit:

678 2547 798 2601 ἴτεμν’
833 2549 941 2601 ἔκαε,
972 2550 1178 2602 νωθρὸς
1212 2548 1279 2590 ὢν
1310 2549 1377 2590 καὶ
1409 2551 1564 2603 δήμιος.

294 2621 319 2660 i.
353 2631 389 2661 e.
431 2618 593 2670 ἄπειρος
633 2616 700 2657 καὶ
747 2615 863 2669 ὠμός.
899 2640 951 2647 —-
987 2618 1060 2659 Vs.
1108 2619 1160 2658 18
1207 2618 1506 2660 coniecturam
1548 2629 1694 2660 meam
1730 2618 1880 2660 ἔλαθον
1917 2630 1996 2671 pro

292 2682 420 2739 ἦλθον
452 2687 631 2737 probavi
664 2685 910 2735 Blaydesio.

235 2757 299 2795 Fr.
333 2758 372 2795 5.
406 2755 633 2795 Praeclare
675 2753 889 2794 Headlam
927 2763 982 2793 ex
1016 2753 1231 2794 Athenaei
1266 2753 1410 2793 verbis
1441 2754 1541 2793 VIII
1574 2754 1710 2794 345ss
1742 2753 1993 2795 Phoenicidi

291 2823 477 2862 reddidit
510 2831 709 2861 versum:

614 2887 754 2928 κοινὸν
783 2884 974 2937 θάλασσ’,
1003 2887 1121 2939 ἰχθῦς
1153 2885 1196 2927 δὲ
1227 2893 1305 2927 τῶν
1337 2885 1593 2939 ὠνουμένων.

289 2969 398 3007 quae
429 2959 487 2997 sit
519 2957 698 3007 parodia
727 2956 935 3006 Aeschyli
967 2955 1018 2996 fr.
1054 2955 1159 2996 398:

612 3023 751 3063 κοινὸν
781 3023 899 3075 τύχη,
926 3023 1066 3075 γνώμη
1098 3019 1141 3062 δὲ
1173 3028 1250 3062 τῶν
1281 3020 1545 3074 κεκτημένων.

287 3092 368 3132 Cst.
402 3093 541 3132 Plaut.
570 3092 676 3132 Rud.
711 3092 1005 3131 947—81.—
1025 3090 1229 3131 Ceterum
1257 3090 1414 3130 iniuria
1442 3090 1504 3130 Bl.
1533 3090 1748 3131 Kockium
1772 3091 1816 3131 in
1843 3092 1992 3132 minus

286 3160 398 3199 felici
432 3160 561 3199 huius
592 3160 844 3200 coniectura
875 3159 1013 3209 carpit
1051 3157 1094 3197 οἱ
1130 3154 1168 3197 δ’
1210 3156 1349 3209 ἰχθύες
1380 3157 1667 3207 scribentem,
1707 3157 1820 3207 quod
1854 3158 1990 3199 Attici

286 3226 328 3265 οἵ
354 3226 471 3277 ἰχθῦ,-
512 3227 716 3267 dixerint.
757 3226 989 3266 Veteribus
1028 3226 1147 3266 enim
1180 3224 1342 3265 Atticis
1373 3226 1583 3265 constans
1614 3224 1720 3265 haec
1752 3227 1820 3266 est
1852 3225 1987 3266 nomi·
