2216 3522
1077 244 1132 282 59

282 362 410 403 valde
464 365 574 404 mihi
629 366 806 415 quidem
851 366 1133 407 abblanditur
1178 369 1294 417 prior
1342 369 1475 418 Angli
1525 369 1791 419 coniectura,
1837 372 1886 409 ut
1930 370 1984 417 εἰς

279 426 482 469 ἀπώλειαν
512 433 728 473 habeatur
758 444 835 484 pro
866 435 1133 484 glossemate
1165 436 1380 476 formulae
1411 435 1450 483 ἐς
1481 436 1665 488 κόρακας.

222 494 423 537 Ετν201.
455 498 642 540 Frustra
673 501 738 541 Bl.
772 501 948 554 σύνειρε,
983 503 1079 542 0011.
1112 504 1186 543 Ar.
1220 504 1302 543 Av.
1339 504 1467 544 1079.

221 561 290 603 Fr.
331 565 431 605 203.
471 566 643 616 Duplex
682 568 905 618 Blaydesii
936 571 1165 610 tentamen
1198 571 1368 620 iugulat
1398 570 1726 623 παραδιορθωσις
1756 570 1984 610 πιόντων

279 640 358 681 pro
396 632 679 684 πινόντων,
721 636 849 685 quale
872 627 1094 687 'praesens
1134 639 1201 677 est
1247 639 1566 689 necessarium,
1610 639 1712 687 quia
1753 638 1897 687 agitur
1933 639 1985 678 de

278 699 450 740 actione
489 701 731 742 identidem
778 705 978 754 repetita.
1027 706 1306 745 Sententiam
1346 706 1494 755 potius
1534 716 1668 755 quam
1699 707 1796 755 ipsa
1829 707 1985 756 poetae

279 767 413 807 verba
442 769 598 810 afferre
630 770 805 811 videtur
835 774 1165 821 grammaticus

219 833 289 875 Fr.
321 835 421 876 206.
454 834 596 888 ἄνδρες
627 848 705 887 pro
736 840 875 886 παῖδες
907 841 1195 890 expectabam
1228 852 1329 881 cum
1359 841 1608 890 Blaydesio.

219 900 288 943 Fr.
321 904 421 945 207.
465 905 625 945 Tentat
656 906 771 946 idem
804 917 891 947 non
923 908 1039 947 male
1071 907 1119 947 οὐ
1157 907 1309 960 <γὰρ>
1343 914 1563 958 μονοσιτῶν
1599 903 1765 949 <ἐσθ’>
1802 903 1988 958 ἑκάστοτ’,

277 969 375 1010 ἀλλὰ
405 970 473 1011 καὶ
500 970 507 1024 Ι
535 969 658 1012 ἐνίοτε
690 973 864 1013 δειπνῶν
903 973 1062 1017 <ἕστι>
1098 974 1159 1023 δὶς
1190 981 1259 1027 τῆς
1289 973 1450 1027 ἡμέρας.

216 1040 288 1080 Fr.
322 1040 406 1079 207
427 1040 465 1080 b.
499 1036 576 1079 οὐκ
606 1039 893 1092 ἀπεχρησάμην
925 1042 1023 1082 sine
1056 1053 1190 1083 causa
1220 1043 1285 1083 Bl.

218 1107 288 1148 Fr.
321 1107 421 1158 209,
456 1108 496 1148 2.
528 1106 595 1147 καὶ
625 1119 702 1158 pro
732 1107 808 1147 κάν
839 1109 968 1149 malit
998 1110 1062 1150 Bl.
1095 1111 1256 1150 Eodem
1289 1112 1382 1150 iure
1413 1121 1478 1150 vs.
1517 1112 1537 1149 1
1577 1110 1709 1150 scribi
1739 1110 1879 1159 possit
1909 1107 1984 1148 κάν

277 1185 355 1225 pro
385 1173 464 1214 καὶ.
498 1198 551 1204 -
584 1174 807 1215 κατέκειντο
838 1178 1007 1217 temere
1041 1178 1171 1218 idem.

218 1242 288 1282 Fr.
323 1243 423 1283 209.
450 1243 515 1283 Bl.
542 1240 585 1281 σὲ
610 1241 653 1282 δὲ
678 1243 884 1292 κοκκύζων
915 1243 1105 1297 <ὅρνις>
1140 1243 1311 1298 ἀλέκτωρ
1343 1244 1592 1297 <ὄρθριον>
1621 1243 1681 1283 ἀεὶ
1721 1246 1984 1295 προκαλεῖται.

276 1310 431 1350 Melius
455 1311 709 1360 scripsisset
734 1311 822 1350 αἰεὶ.
854 1313 1005 1353 Placet
1030 1311 1200 1364 ὄρθριον
1227 1324 1304 1363 pro
1331 1309 1457 1364 ὅρθρί
1488 1313 1667 1359 (inserto
1693 1323 1719 1352 a
1744 1311 1982 1360 Lobeckio),

276 1379 327 1417 ut
356 1378 462 1417 dicit
492 1379 606 1418 solet
637 1376 806 1430 ὄρθριον
837 1379 967 1434 ᾄδειν,
994 1381 1141 1420 minus
1175 1390 1277 1420 vero
1309 1381 1508 1420 additum
1541 1380 1636 1419 avis
1662 1381 1770 1420 adeo
1796 1379 1887 1419 noti
1913 1388 1983 1417 no-

278 1445 388 1485 mini
420 1443 542 1497 ὄρνις.
573 1446 803 1486 Fortasse:

339 1510 382 1552 σὲ
413 1511 456 1553 δὲ
486 1514 692 1562 κοκκύζων
725 1514 852 1566 νόμον
885 1513 1054 1567 ὄρθριον
1087 1514 1125 1563 ἐξ
1157 1512 1279 1566 εὐνῆς
1309 1517 1560 1567 προκαλεῖται
1595 1511 1776 1565 ἀλέκτωρ.

223 1582 293 1622 Fr.
326 1582 427 1622 211.
507 1581 585 1621 ὅτι
616 1578 657 1622 δ’
692 1580 752 1621 ἂν
781 1579 807 1634 ἡ
841 1581 1124 1634 συβώτρια,
1153 1578 1267 1633 μήδ’
1303 1580 1440 1634 ἀγαθὴ
1470 1580 1623 1634 γενοιτό
1655 1595 1733 1631 μοι.

506 1648 584 1701 ἔχει
615 1647 658 1689 δὲ
689 1649 816 1700 μόνον
848 1649 1069 1697 δακτύλους
1102 1646 1352 1700 αὖλητικούς.

281 1716 392 1766 Quin
439 1717 609 1757 lateant
654 1718 863 1768 trimetri,
912 1718 1027 1757 haud
1070 1718 1250 1757 dubium
1299 1728 1397 1757 esse
1442 1727 1551 1766 reor,
1605 1716 1708 1755 licet
1752 1716 1988 1755 dissentiat

278 1785 432 1835 editor,
466 1786 589 1825 cuius
625 1786 902 1826 coniecturas
929 1781 1122 1835 οὐτιδανὴ
1149 1787 1194 1825 et
1219 1783 1362 1835 φωνὴν
1390 1788 1490 1833 (qua
1515 1784 1697 1824 tibicina
1720 1779 1779 1834 ἅμ’
1809 1782 1987 1822 αὐλοῦσα

278 1852 345 1892 uti
386 1862 473 1893 non
516 1854 704 1902 poterat)
736 1863 915 1902 prorsus
946 1852 1156 1902 improbo.
1190 1853 1393 1892 Alterum
1425 1853 1575 1891 autem
1607 1861 1783 1890 versum
1817 1850 1989 1899 egregie

279 1922 530 1961 correxerat
571 1921 767 1961 Meineke
813 1921 1044 1960 inserendo
1085 1919 1133 1959 οὐ
1166 1922 1265 1969 post
1296 1919 1431 1970 μόνον.
1464 1919 1658 1959 Priorem
1690 1918 1988 1957 emendaturis

278 1987 603 2027 observandum
644 1988 868 2028 Pollucem
908 1987 1173 2027 scribentem
1206 1983 1450 2038 Ἐπίχαρμος
1491 1983 1533 2025 δὲ
1572 1984 1640 2024 καὶ
1672 1982 1986 2035 ποιμενικὸν

278 2053 394 2105 με’λος
425 2055 639 2095 αὖλεῖσθαι
672 2055 790 2107 φησί,
822 2055 992 2094 Πλάτων
1025 2052 1068 2094 δὲ
1101 2052 1121 2093 ὅ
1153 2053 1326 2104 κωμικὸς
1363 2052 1429 2093 καὶ
1461 2051 1758 2105 συβωτικὸν
1790 2051 1986 2101 probabi-

275 2122 379 2162 liter
410 2123 492 2163 hoc
522 2123 668 2172 ipsum
696 2123 963 2163 adiectivum
994 2122 1107 2171 apud
1134 2122 1361 2161 Platonem
1388 2121 1567 2170 legisse,
1603 2130 1703 2159 cum
1729 2119 1985 2168 praesertim

277 2200 365 2229 vox
405 2190 605 2241 συβώτρια
647 2192 732 2230 etsi
778 2192 885 2230 bene
916 2190 1108 2230 formata
1149 2200 1368 2239 nusquam
1411 2188 1514 2227 alibi
1554 2187 1639 2236 legi
1683 2186 1895 2234 videatur,
1941 2187 1988 2224 ut

277 2257 443 2297 frustra
473 2258 585 2307 apud
617 2258 798 2298 Latinos
825 2257 1095 2306 quaesiveris
1126 2257 1376 2297 subulca.
1411 2255 1502 2305 Qua
1526 2254 1830 2294 observatione
1856 2253 1987 2291 nixus

278 2334 493 2373 propono:
547 2324 778 2375 <μελύδρια
826 2320 931 2374 ὁ’>,
981 2318 1047 2362 οἷ’
1098 2320 1159 2361 ἂν
1215 2318 1240 2378 ᾖ
1273 2321 1289 2375 ΙΙ
1325 2319 1500 2374 συβωτίχ’
1552 2320 1688 2360 αὐλεῖν
1735 2316 1799 2371 ἥδ’
1850 2317 1987 2371 ἀγαθὴ

277 2388 431 2442 γένοιτό
478 2405 568 2442 μοι,
606 2388 623 2443 ΙΙ
653 2390 728 2442 ἔχει
785 2388 829 2430 δὲ
874 2390 1001 2441 μόνον
1038 2389 1163 2432 <οὖ>
1203 2390 1423 2436 δακτύλους
1466 2387 1715 2439 αὐλητικούς.
1758 2386 1986 2426 Utinam

281 2457 449 2498 haece
481 2459 613 2508 apta
643 2458 782 2497 mihi
813 2458 891 2497 sit
923 2457 1167 2497 tibicina
1198 2458 1510 2497 carminum
1544 2456 1984 2503 subulcicorum,

282 2524 452 2565 habet
498 2526 685 2565 autem
733 2525 852 2565 fere
898 2525 1112 2574 digitos
1159 2524 1222 2564 ad
1269 2534 1386 2564 eam
1442 2534 1554 2564 rem
1606 2524 1854 2562 idoneos.
1901 2521 1988 2561 Nec

281 2593 433 2632 tamen
478 2592 531 2634 de
577 2603 683 2632 vera
722 2593 903 2632 tibicina
944 2592 1157 2632 eiusmodi
1200 2592 1466 2641 carminum,
1510 2601 1619 2640 quae
1650 2590 1837 2630 fortasse
1869 2589 1990 2628 nulla

281 2669 476 2708 unquam
503 2659 644 2709 fuere,
672 2660 750 2699 sed
776 2660 923 2709 potius
955 2659 1007 2699 de
1043 2658 1239 2712 ὑομουσίᾳ
1271 2659 1462 2707 quadam
1495 2668 1641 2698 sermo
1672 2667 1769 2696 esse
1803 2656 1987 2696 videtur.

280 2727 446 2776 Nempe
477 2727 555 2766 vix
585 2726 736 2767 dubito
767 2727 870 2776 quin
901 2726 1045 2766 subsit
1076 2726 1273 2766 Platonis
1306 2726 1451 2765 verbis
1492 2725 1714 2765 sententia
1744 2723 1987 2763 obscaenis-

282 2794 414 2844 sima,
457 2793 627 2834 scilicet
672 2791 693 2832 ὁ
740 2792 860 2840 αὐλός
902 2794 962 2833 sit
1008 2793 1279 2841 mentula,
1325 2803 1456 2841 quam
1489 2791 1638 2841 digitis
1669 2791 1762 2830 suis
1804 2800 1989 2829 movens

281 2861 454 2901 dicatur
493 2861 638 2910 puella
677 2857 861 2912 συβωτίχ’
908 2859 1044 2899 αὐλεῖν
1085 2858 1235 2911 ἀγαθή.
1282 2859 1480 2899 Indidem
1529 2858 1834 2907 explicandum
1876 2857 1988 2907 quod

282 2927 458 2977 Eupolis
498 2930 825 2980 γλωττοκομεῖον,
866 2937 976 2976 quae
1018 2927 1189 2976 proprie
1222 2928 1291 2965 est
1322 2923 1346 2976 ἡ
1384 2925 1495 2975 θήκη
1526 2931 1605 2964 τῶν
1636 2923 1783 2973 αὐλῶν,
1814 2924 1990 2963 vocavit

281 2994 324 3034 τὸ
364 2998 595 3047 γυναικεῖον
636 2993 788 3046 μόριον.
821 2994 914 3034 Nisi
945 2994 1101 3034 Pollux
1134 2993 1174 3032 X
1211 2995 1292 3032 154
1326 2993 1487 3032 diserte
1520 2993 1719 3032 moneret
1750 2990 1988 3030 Timoclem

283 3059 348 3100 ἐπὶ
377 3067 448 3101 τοῦ
480 3060 642 3114 ἀγγείου
673 3061 791 3102 idem
823 3061 1085 3102 vocabulum
1119 3060 1391 3109 adhibuisse,
1426 3060 1558 3100 etiam
1588 3059 1631 3098 in
1657 3059 1787 3098 huius
1813 3058 1863 3097 fr.
1892 3058 1916 3096 2
1936 3058 1987 3096 K.

280 3128 550 3169 obscoenum
588 3128 737 3168 lusum
773 3129 1020 3178 suspicarer
1051 3130 1226 3177 propter
1261 3127 1442 3166 verbum
1475 3126 1731 3177 βαλανεύειν,
1763 3136 1846 3174 quo
1879 3126 1972 3164 iocu

281 3196 434 3236 lariter
479 3197 545 3236 uti
591 3196 782 3245 potuerit
822 3196 947 3245 quasi
988 3195 1116 3235 ducto
1149 3205 1175 3234 a
1205 3193 1379 3245 βάλανος
1422 3193 1627 3242 (glans).
1670 3193 1729 3233 At
1761 3191 1851 3231 fieri
1884 3202 1989 3230 sane

283 3264 448 3314 potest,
482 3265 532 3303 ut
562 3263 879 3312 grammaticus
912 3272 1013 3302 eum
1044 3262 1187 3301 locum
1221 3271 1306 3300 non
1338 3259 1621 3300 intellexerit.
1650 3260 1869 3308 Blaydesii
1895 3269 1987 3297 con·
