2216 3522
1038 222 1094 261 85

245 338 347 391 νοιμ’
377 339 460 382 αὔτ’
488 341 540 382 ἄν
565 344 635 384 vel
661 344 741 399 ᾠά;
770 347 801 383 Β
826 343 1073 397 καταπίνοιμ’
1109 344 1180 396 ἃν,
1210 349 1285 386 aut
1312 358 1400 387 non
1427 349 1690 388 continuans
1725 351 1770 388 et
1798 350 1945 398 proba-

244 409 392 449 bilius:
426 411 468 449 Β.
499 411 713 462 τρώξομαι,
738 410 745 464 Ι
774 408 854 467 ᾦὸν
885 411 929 453 δὲ
959 412 1036 453 κτὲ.
1068 415 1230 454 Lenius
1263 415 1430 464 possis:

395 481 444 517 A.
473 479 687 530 μελίπηκτα
720 477 756 519 δ’
792 480 833 520 εἴ
857 496 934 529 τις
963 481 1205 533 προσφέροις
1238 484 1280 520 Β.
1312 479 1493 533 τρώγοιμ’
1526 481 1589 521 ἄν.
1623 486 1671 522 Α.
1704 483 1740 522 εἰ

391 545 472 601 ᾠὸν
502 545 561 593 δέ;
596 549 637 585 Β.
668 544 915 598 καταπίνοιμ’
949 547 1012 587 ἄν.
1047 553 1093 587 Α.
1125 548 1246 589 ἄλλον
1278 549 1344 589 δεῖ
1369 565 1501 597 τινος;

241 613 436 653 admissa
469 614 684 654 Eustathii
717 618 761 655 et
792 617 882 655 cod.
917 615 949 656 C
979 613 1166 657 lectione
1197 614 1374 669 τρώγοιμ’
1414 615 1465 656 ἂν
1496 629 1573 667 pro
1605 618 1804 670 τρώγοιμι.

183 680 252 720 Fr.
287 682 384 730 144,
419 682 459 721 7.
506 682 620 721 Ante
662 683 725 722 Bl.
769 684 933 722 contuli
964 685 1045 723 Av.
1083 685 1179 724 128.
1215 707 1267 713 —-
1302 685 1374 724 Vs.
1409 686 1449 725 9.
1492 685 1628 725 Valde
1670 686 1819 725 dubito
1850 688 1942 726 tam

242 747 295 788 de
334 748 456 787 hiatu
496 759 628 797 quam
670 751 723 790 de
763 753 1000 800 anapaesto
1040 748 1139 802 ἡδύς
1175 750 1272 803 ἐμοὶ.
1314 753 1454 792 Locus
1486 764 1572 793 non
1605 756 1789 794 sanatur
1820 755 1945 803 Blay-

242 815 353 855 desii
382 817 630 856 coniectura
660 813 770 867 οἶμαι
801 829 879 867 pro
911 817 996 869 ἐμοὶ
1027 816 1113 869 μὲν.
1155 820 1271 859 Num
1309 821 1423 860 forte
1463 818 1549 861 fuit
1580 820 1652 871 οὐχ
1683 818 1783 871 ἡδύς
1814 820 1944 872 φημὶ

241 882 336 934 μετὰ
367 882 410 922 τὸ
440 886 624 923 πλουτεῖν
655 885 873 936 δεύτερονὶ)

182 950 252 990 F'r.
288 951 385 1001 147,
421 953 459 990 1.
506 952 570 991 Bl.
618 952 907 992 conicientem
948 953 996 992 τά
1034 950 1063 993 τ’
1107 953 1224 1005 ἄλλα,
1263 956 1376 1004 quod
1422 956 1567 1004 ipsum
1615 956 1815 1005 traditur,
1858 966 1943 995 non

238 1018 465 1068 intellego;
512 1020 580 1059 sin
629 1020 766 1060 voluit
805 1020 872 1059 καὶ
911 1016 1048 1071 τᾶλλα,
1087 1023 1265 1072 fallitur,
1309 1033 1388 1062 nec
1429 1024 1725 1062 necessariam
1759 1022 1946 1062 arbitror

241 1085 439 1125 eiusdem
486 1087 783 1128 coniecturam
832 1100 897 1129 vs.
932 1091 956 1128 2
998 1089 1170 1140 νομίζειν
1211 1101 1289 1140 pro
1334 1089 1377 1129 τὸ
1417 1090 1576 1140 νομίσαι
1616 1094 1693 1130 aut
1732 1091 1943 1130 leniorem

240 1152 398 1193 Naberi
423 1167 462 1192 τε
492 1164 569 1203 pro
595 1154 650 1193 τὸ.
678 1155 727 1194 In
754 1156 1063 1205 Aristophanis
1089 1158 1141 1197 fr.
1171 1159 1257 1197 520
1274 1158 1338 1207 D.,
1365 1158 1478 1207 quod
1506 1159 1612 1197 citat
1637 1159 1702 1197 Bl.
1729 1159 1782 1197 ad
1810 1169 1874 1198 vs.
1902 1159 1942 1207 7,

239 1221 543 1270 corrigendum
575 1220 679 1260 ἐστιν
709 1223 823 1272 μέλι
856 1228 947 1273 (pro
979 1226 1117 1275 μέλει),
1147 1236 1233 1265 non
1276 1226 1401 1277 γλυκύ
1434 1236 1534 1265 cum
1565 1226 1672 1275 ipso.
1708 1249 1760 1254 —
1794 1226 1869 1265 Vs.
1901 1228 1942 1265 4.

237 1291 371 1339 θιγεῖν
402 1298 480 1338 pro
509 1292 639 1340 τυχεῖν
670 1290 777 1330 felix
809 1294 878 1331 est
908 1292 1063 1332 Kockii
1094 1293 1340 1332 inventum.

180 1355 248 1396 Fr.
287 1356 383 1405 148,
418 1357 458 1395 2.
502 1357 775 1406 παρατίλλεται
817 1370 893 1408 pro
934 1357 1149 1411 προσέρχετ’
1186 1354 1258 1408 αὖ,
1289 1361 1402 1409 quod
1433 1371 1540 1400 sane
1572 1363 1822 1410 corruptum
1854 1363 1941 1410 est,

237 1423 422 1463 coniecit
452 1424 518 1464 Bl.
549 1424 612 1464 Ne
641 1426 706 1465 sic
737 1427 909 1475 quidem
938 1427 1062 1467 locus
1087 1429 1350 1477 persanatus
1382 1429 1567 1477 videtur,
1608 1438 1687 1467 nec
1718 1428 1824 1467 illud
1852 1439 1941 1467 ver-

239 1491 344 1530 bum
370 1491 511 1540 primo
537 1492 632 1532 loco
659 1496 943 1543 exspectatur
969 1497 1073 1534 ante
1099 1494 1281 1546 ῥύπτεται
1302 1517 1354 1523 -
1374 1500 1515 1545 σμῆται
1547 1494 1640 1539 mg..
1666 1496 1768 1535 licet
1792 1497 1943 1544 aptum

236 1559 298 1598 sit
327 1558 502 1607 aliquod
535 1560 717 1600 verbum
749 1561 803 1600 ad
834 1562 1005 1601 cultum
1036 1563 1295 1602 muliebrem
1330 1563 1566 1612 pertinens.
1600 1563 1808 1612 Quidquid
1841 1562 1941 1610 fuit,

239 1629 368 1666 teneo
409 1627 522 1674 quod
557 1628 661 1667 olim
696 1629 860 1668 conieci
891 1628 1110 1681 μετέρχεται
1138 1653 1207 1675 -,
1233 1624 1285 1669 αὖ
1316 1628 1545 1680 μετέρχεται.
1579 1653 1631 1658 -
1665 1630 1740 1670 Vs.
1767 1632 1808 1669 4.
1836 1628 1943 1668 ἐκδέ-

237 1691 320 1733 δυκ’
356 1692 492 1739 (Kock
522 1705 599 1744 pro
631 1691 826 1746 ἐκβέβηκ’)
857 1697 1049 1745 speciem
1084 1695 1226 1737 habet.
1250 1697 1396 1737 —Vs.
1425 1699 1465 1737 5.
1498 1701 1717 1746 σκοπεῑται,
1751 1696 1942 1735 στέλλεται

237 1765 443 1813 corrupta
488 1763 610 1803 ducit
649 1764 714 1803 Bl.
756 1764 883 1803 Prius
924 1765 1107 1804 verbum
1148 1775 1255 1805 sane
1296 1764 1469 1804 difficile
1506 1767 1574 1805 est
1604 1766 1822 1814 explicare
1852 1765 1942 1810 (vix

237 1830 356 1870 enim
388 1830 635 1880 significare
661 1832 806 1880 potuit
836 1833 951 1880 quod
983 1833 1144 1873 Graece
1176 1833 1333 1872 dicitur
1364 1833 1727 1882 κατοπτρίζεσθαι),
1754 1833 1830 1872 sed
1855 1842 1940 1872 non

237 1898 525 1947 improbabile
574 1899 747 1939 videtur
788 1899 998 1948 στέλλεται,
1050 1901 1238 1940 induit
1284 1901 1656 1949 vestimenta,
1703 1900 1742 1939 si
1788 1910 1940 1939 verum

233 1968 302 2005 est
348 1966 623 2006 Kockianum
664 1963 854 2005 ἕκδὲδυκ’.
896 1966 1103 2007 Ceterum
1146 1968 1268 2007 venit
1314 1968 1359 2006 in
1404 1969 1599 2007 mentem
1648 1971 1850 2011 σκοπεῖ,
1897 1968 1943 2005 τι’

233 2032 524 2082 στέλλεται,
585 2036 811 2083 spectat
871 2035 999 2083 quid
1060 2035 1170 2074 sibi
1231 2035 1501 2074 mittatur
1562 2035 1625 2074 ab
1682 2038 1940 2074 amatore

235 2099 447 2150 (munus),
481 2101 558 2140 sed
590 2101 699 2140 nihil
732 2101 917 2142 affirmo.

175 2167 244 2206 Fr.
282 2168 377 2216 149,
416 2169 452 2207 l.
485 2168 549 2207 Bl.
582 2174 697 2207 τοῦτο
730 2165 773 2207 δ’
806 2172 884 2208 aut
914 2169 1032 2219 τήνδε
1064 2166 1101 2208 δ’
1135 2172 1180 2209 et
1211 2169 1283 2219 τὴν
1306 2166 1473 2221 εΥγιιείοις
1507 2172 1673 2210 temere
1705 2171 1902 2210 coniecit.

176 2235 244 2275 Fr.
284 2237 377 2283 151,
416 2238 452 2274 1.
487 2234 539 2281 ὡς
571 2247 647 2285 pro
675 2234 731 2274 ὢν
763 2237 858 2276 sine
890 2237 1154 2276 necessitate
1185 2237 1248 2276 ΒΙ.

176 2301 244 2341 ΕΤ.
282 2302 378 2341 153.
426 2303 552 2351 Apud
595 2303 742 2352 Steph.
784 2304 832 2343 B.
870 2304 986 2343 idem
1027 2303 1246 2353 ἐνδύματος
1282 2299 1406 2352 εἶδος,
1437 2305 1564 2353 quale
1596 2306 1697 2353 quid
1728 2315 1835 2345 sane
1868 2317 1938 2347 ex-

235 2371 475 2418 spectatur.

178 2437 246 2476 Fr.
284 2437 379 2484 154,
413 2437 453 2477 2.
488 2437 552 2477 Bl.
585 2432 685 2486 εἶτα,
715 2441 764 2477 ut
796 2441 950 2478 natum
985 2449 1008 2478 e
1043 2449 1105 2478 vs.
1139 2440 1183 2488 3,
1226 2440 1270 2479 in
1302 2437 1429 2478 αὑτοῦ
1460 2442 1617 2479 mutat.
1652 2440 1763 2478 Fieri
1794 2442 1939 2489 potest

236 2505 286 2542 ut
316 2506 451 2553 recte,
484 2505 562 2544 sed
593 2505 757 2554 absque
790 2515 924 2545 causa
954 2506 1110 2546 idonea
1142 2507 1273 2546 verba
1297 2504 1350 2553 ὡς
1375 2510 1525 2546 θᾶττον
1556 2504 1581 2557 ἡ
1606 2510 1698 2553 παῖς
1728 2507 1939 2546 violenter

237 2573 382 2610 mutat
411 2571 456 2610 in
487 2569 571 2610 ἐπεὶ
602 2572 779 2623 τάχιστα,
818 2583 929 2621 quae
961 2584 1091 2613 nemo
1123 2574 1186 2613 ita
1218 2574 1495 2620 corrupisset.
1528 2574 1739 2623 Analogis
1771 2584 1939 2623 compa-

236 2638 365 2677 rativi
423 2643 571 2678 θᾶττον
618 2641 833 2690 exemplis
874 2642 985 2680 satis
1025 2642 1272 2681 defenditur
1312 2643 1515 2690 quamvis
1560 2642 1817 2682 insolentior
1855 2644 1936 2680 tra-

237 2705 330 2744 dita
360 2705 501 2746 lectio.
1739 2715 1744 2720 '

178 2773 245 2812 Fr.
282 2774 377 2821 159,
410 2774 450 2813 4.
494 2775 716 2814 Revocata
757 2776 850 2815 cod.
893 2776 942 2815 A.
991 2776 1178 2816 lectione
1219 2775 1324 2827 οὐχὶ,
1359 2777 1421 2816 Bl.
1465 2788 1540 2826 pro
1573 2776 1832 2816 Hanoviano
1864 2777 1936 2816 κού

237 2842 481 2889 transponit
512 2841 712 2894 εἰσάγουσι
745 2842 901 2891 τίτθας,
932 2844 1008 2883 sed
1041 2843 1287 2892 elegantius
1321 2844 1450 2892 vulgo
1480 2844 1617 2890 τίτθας
1654 2846 1882 2892 separatur
1912 2856 1939 2884 a

239 2918 341 2947 voce
365 2908 591 2958 βασκάνους
631 2909 788 2950 Dubito
811 2913 964 2949 tamen
982 2920 1036 2949 an
1054 2909 1103 2948 οὐ
1122 2921 1196 2959 pro
1214 2909 1299 2961 οὐχὶ
1317 2910 1520 2951 sufficiat.
1541 2934 1593 2939 —
1613 2911 1686 2950 Vs.
1705 2913 1731 2951 6
1749 2914 1939 2961 (propter

237 2976 535 3025 negationem,
580 2979 627 3016 ut
667 2977 867 3023 arbitror)
901 2978 1013 3017 idem
1049 2978 1243 3026 postulat
1273 2977 1326 3028 μὰ
1359 2978 1455 3026 Δία,
1491 2979 1602 3027 quod
1634 2980 1804 3028 tamen,
1837 2980 1938 3027 quia

238 3047 442 3082 recusant
496 3034 692 3091 numeri,
745 3046 782 3083 si
840 3045 947 3084 bene
995 3047 1215 3094 receptum
1263 3054 1330 3084 est
1376 3046 1512 3085 Grotii
1559 3045 1935 3095 supplementum,

236 3110 433 3157 suspicor
457 3121 480 3149 e
506 3111 705 3160 proximo
734 3122 862 3151 versu
890 3112 973 3151 huc
989 3113 1218 3151 devenisse
1236 3123 1310 3161 pro
1328 3113 1427 3162 δῆλα
1445 3112 1514 3163 δή,
1530 3113 1720 3152 similive
1737 3113 1935 3154 lectione.

238 3176 320 3215 Sed
357 3176 409 3216 cf.
439 3177 570 3216 Kock.
606 3200 659 3206 —
693 3177 767 3218 Vs.
800 3179 839 3218 8.
882 3179 964 3218 Pro
1001 3172 1053 3218 αὖ
1086 3179 1149 3218 Bl.
1183 3180 1311 3219 malit
1341 3174 1435 3227 οὖν,
1465 3181 1606 3229 possis
1637 3181 1769 3220 etiam
1806 3179 1868 3229 δὴ,
1899 3181 1935 3219 si

240 3243 340 3291 quid
380 3245 651 3284 mutandum.
688 3266 739 3273 —
775 3245 846 3285 Vs.
884 3246 951 3285 10.
985 3246 1105 3285 Idem
1147 3247 1348 3295 proponit
1387 3245 1633 3299 καταλέγειν,
1673 3258 1782 3296 quae
1818 3249 1937 3287 notio
