2216 3522
1063 217 1118 256 73

208 333 519 390 cephisodori
552 339 603 378 fr.
638 339 679 378 3.

621 402 733 445 ἔπειτ’
770 404 1011 455 ἀλείφεσθαι
1044 408 1088 448 τὸ
1121 407 1234 458 σῶμά
1265 422 1333 458 μοι
1365 406 1468 458 πρίω

621 473 750 526 μύρον
782 473 912 526 ἴρινον
943 473 1011 514 καὶ
1043 475 1228 528 ῥόδινον,
1258 474 1458 528 ἄγαμαι
1490 471 1704 522 Ξανθία·

620 541 687 580 καὶ
717 545 799 589 τοῖς
830 540 951 581 ποσὶν
981 542 1099 595 χωρὶς
1130 542 1233 595 πρίω
1265 557 1333 594 μοι
1362 541 1556 593 βάκχαριν
1586 537 1661 577 κτὲ.

266 607 404 658 Kock,
452 620 583 658 quem
630 610 811 650 offendit
849 611 963 659 quod
1002 622 1158 652 servus
1199 611 1252 651 ab
1293 621 1366 651 ero
1407 612 1501 649 tam
1541 606 1698 647 blande
1735 606 1780 643 et
1809 602 1974 642 urbane

265 676 550 717 conlaudetur
573 679 833 727 praesertim
862 681 1099 727 antequam
1126 679 1384 719 mandatum
1412 675 1660 726 perfecerit,
1689 671 1819 712 scribi
1844 667 1973 708 iussit

265 740 354 795 ἄγε
385 759 489 795 μοι,
520 743 744 795 Ξανθία,
781 747 832 786 ut
862 744 932 798 ἄγε
962 747 1056 787 scil.
1089 746 1309 797 significet
1339 745 1514 793 adfer,
1550 753 1666 783 eme
1696 738 1853 787 mihi,
1886 745 1974 775 non

263 813 473 860 reputans
504 823 555 853 eo
587 824 720 853 sensu
752 814 989 862 quominus
1032 815 1164 855 verba
1194 814 1540 863 interpretemur
1571 810 1699 859 plane
1730 817 1812 846 nos
1842 805 1973 851 impe-

263 877 355 918 dire
402 879 535 919 verba
580 891 842 930 praegressa
888 895 955 931 μοι
1000 881 1121 933 πρίω,
1163 883 1264 930 post
1305 890 1415 936 quae
1456 879 1648 928 pessime
1686 872 1972 916 abundarent.

265 945 310 984 Si
335 947 435 995 quid
461 949 727 988 mutandum
751 949 882 998 foret,
910 949 1073 989 melius
1098 949 1257 988 saltem
1277 948 1536 987 coniecisset
1552 944 1621 998 ἄγε
1638 944 1688 995 δή
1705 943 1776 983 vel
1792 940 1861 992 ἄγε
1878 953 1975 986 νυν,

263 1015 510 1063 agedum.
545 1016 665 1066 Quod
696 1018 846 1056 autem
878 1018 973 1056 tam
1005 1017 1163 1056 blando
1195 1026 1400 1056 sermone
1427 1025 1529 1054 erus
1560 1014 1711 1062 utitur,
1738 1009 1886 1050 nescio
1917 1017 1972 1046 an

261 1076 435 1132 egregie
466 1083 547 1123 hoc
577 1085 729 1133 pingat
761 1084 988 1124 hominem
1018 1084 1202 1124 mollem
1234 1087 1279 1124 et
1308 1083 1598 1131 imbecillum,
1632 1081 1704 1130 qui
1728 1080 1850 1118 totus
1875 1085 1972 1125 pen·

228 1156 230 1160 ’
262 1148 364 1188 deat
394 1160 421 1189 a
450 1161 580 1191 servo
610 1152 995 1201 impudentissime
1027 1154 1072 1192 et
1102 1152 1449 1193 insolentissime
1480 1148 1780 1200 respondenti:

561 1213 592 1258 ὦ
623 1218 921 1271 λακκόπρωκτε,
950 1219 1146 1271 βάκχαριν
1178 1222 1260 1266 τοῖς
1292 1222 1377 1265 σοῖς
1408 1217 1527 1258 ποσὶν

560 1285 636 1339 ἐγὼ
667 1286 866 1339 πρίωμαι;
897 1283 1101 1338 λαικάσομ’
1137 1285 1214 1337 ἄρα
1249 1282 1338 1335 (ἆρα
1351 1288 1386 1332 ?)
1419 1286 1634 1337 βάκχαριν;

264 1353 430 1392 Sensus
465 1356 551 1394 est:
599 1355 763 1395 laudo
803 1357 857 1395 te
899 1356 953 1402 (si
985 1357 1048 1395 ita
1079 1356 1268 1405 feceris),
1308 1356 1512 1403 valetque
1552 1352 1702 1406 ἄγαμαι
1735 1352 1825 1391 fere
1856 1350 1973 1388 idern

263 1421 375 1469 quod
416 1422 529 1471 apud
570 1423 751 1462 Latinos
793 1423 1005 1473 amabo,
1048 1424 1146 1464 sive
1188 1421 1345 1465 Ξανθία
1389 1423 1618 1462 vocativus
1658 1424 1777 1467 (nam
1810 1415 1972 1467 geneti·
2004 1434 2007 1437 -

263 1498 369 1527 vum
415 1499 492 1538 pro
533 1487 715 1532 Ξανθίου
754 1501 855 1530 esse
895 1501 982 1530 non
1023 1501 1154 1540 posse
1195 1492 1313 1531 recte
1359 1491 1530 1530 monuit
1578 1489 1714 1533 Kock)
1760 1487 1878 1526 recte
1926 1492 1973 1522 se
2039 1536 2046 1541 Ἰ

262 1555 414 1607 habet,
457 1558 552 1597 sive
593 1557 895 1608 refingendum
938 1561 1005 1598 est
1036 1560 1081 1598 in
1114 1557 1309 1600 Ξανθίου,
1345 1558 1407 1598 cf.
1445 1559 1518 1598 Ar.
1558 1558 1665 1598 Ach.
1700 1557 1786 1596 489
1823 1553 1974 1607 ἄγαμαι

262 1623 451 1675 καρδίας,
479 1625 553 1664 ubi
584 1626 750 1666 Porson
782 1626 879 1666 coll.
912 1627 1073 1666 Athen.
1107 1626 1192 1665 XII
1224 1637 1263 1675 p.
1293 1627 1378 1667 553
1405 1626 1600 1665 malebat
1625 1623 1792 1677 ἄγαμαι,
1817 1625 1973 1676 καρδία.

262 1690 327 1730 Ibi
367 1702 557 1742 quoque,
602 1695 651 1733 ut
691 1694 732 1733 h.
761 1693 813 1743 l.,
847 1696 950 1733 ante
982 1704 1074 1733 rem
1108 1694 1274 1733 factam
1305 1695 1565 1743 usurpatum
1598 1693 1781 1732 videbis.
1813 1692 1973 1732 Utrum

261 1758 469 1811 βάκχαρις,
514 1762 626 1809 quod
673 1763 742 1801 ter
785 1762 825 1801 h.
859 1761 887 1801 l.
930 1762 1138 1811 occurrit,
1184 1772 1240 1801 an
1282 1761 1473 1813 βάκκαρις
1515 1763 1574 1800 sit
1615 1771 1718 1800 vera
1758 1761 1975 1809 scriptura

262 1828 477 1878 peregrini
510 1829 729 1883 vocabuli,
761 1830 1030 1879 ignoramus.

204 1895 272 1934 Fr.
305 1895 345 1935 8.
393 1896 426 1935 E
465 1897 676 1946 producta
720 1897 859 1937 vocali
901 1898 945 1936 in
987 1897 1174 1949 κρεάδιον
1213 1899 1330 1937 recte
1362 1898 1425 1937 Bl.
1460 1897 1626 1946 colligit
1655 1896 1841 1950 κρεᾴδιον
1871 1897 1972 1935 scri-

262 1963 454 2003 bendum
486 1974 584 2004 esse
616 1975 717 2004 cum
749 1966 853 2005 iota.

204 2030 274 2070 Fr.
311 2031 379 2070 10.
440 2031 642 2082 σπονδὴ
675 2029 718 2071 δὲ
749 2032 887 2084 παρὰ
918 2027 996 2072 τῶν
1030 2030 1211 2072 ὁλκάδων
1242 2031 1328 2071 καὶ
1358 2030 1801 2083 καταφαντισγός.

264 2097 297 2136 Ε
337 2098 544 2149 Pollucis,
588 2100 669 2139 hoc
711 2100 1014 2149 fragmentum
1056 2100 1252 2150 citantiS,
1288 2100 1433 2140 verbis
1464 2100 1642 2152 φρυγεύς
1674 2101 1718 2139 et
1749 2099 1974 2151 φρύγετρον

264 2165 370 2206 olim
397 2166 553 2216 collegi
579 2167 869 2216 Cephisodoro
896 2169 1163 2208 reddendum
1182 2178 1280 2207 esse
1312 2167 1395 2206 καὶ
1426 2170 1556 2216 [κατα]
1584 2165 1976 2219 φρυγανισμός,

262 2234 359 2274 coll.
391 2234 585 2284 Thucyd.
618 2235 699 2274 VII
731 2238 771 2285 4,
811 2237 876 2286 13,
911 2247 997 2285 qua
1028 2237 1334 2276 emendatione
1367 2237 1500 2276 tacite
1532 2246 1640 2276 usus
1671 2245 1809 2284 nuper
1835 2235 1973 2274 Head-

262 2301 354 2341 lam
395 2304 622 2351 praeterea
662 2304 887 2352 proposuit
928 2302 1135 2354 σπουδὴ
1179 2301 1221 2342 δὲ
1260 2302 1384 2355 περὶ.
1429 2303 1535 2353 Quid
1580 2303 1664 2343 sibi
1696 2303 1803 2342 velit
1832 2317 1975 2353 καταρ-

264 2368 496 2420 ραντισμός,
525 2371 638 2418 quod
671 2371 857 2410 coniecit
888 2370 1043 2420 Naber‚
1076 2372 1186 2410 mihi
1219 2371 1393 2419 quidem
1425 2371 1659 2410 obscurum
1692 2371 1773 2410 est.

206 2501 391 2558 Epilyci
424 2504 475 2544 fr.
505 2505 543 2545 2.
577 2507 681 2556 μῆλα
713 2503 779 2544 καὶ
810 2505 916 2557 ῥόας.
951 2505 1035 2546 Cft.
1068 2506 1132 2546 ΒΙ.
1165 2506 1334 2546 utiliter
1368 2506 1495 2555 Vesp.
1534 2506 1671 2554 1268;
1705 2506 1803 2545 Pac.
1841 2506 1973 2554 1001;

267 2570 427 2612 Herod.
459 2571 540 2612 VII
572 2573 642 2621 41,
679 2573 719 2612 3.

207 2639 275 2678 Fr.
309 2639 347 2687 3,
386 2641 422 2679 1.
469 2639 836 2690 σώμαιπσοῦμαι
883 2641 1028 2680 dorico
1076 2643 1273 2681 accentu.
1324 2640 1443 2690 Quod
1486 2651 1644 2680 moneo
1691 2643 1867 2690 propter
1909 2641 1973 2679 Bl.

264 2711 394 2755 σῶμαι
423 2707 735 2756 requirentem.
768 2707 869 2748 Cod.
903 2709 941 2748 A
972 2705 1106 2747 κοπίδ’
1143 2707 1359 2758 οὐώσομαι.
1396 2708 1607 2748 Laconice
1647 2709 1899 2756 loquentem
1932 2708 1977 2746 in

265 2784 399 2814 scena
437 2775 572 2814 etiam
611 2775 804 2815 laconice
836 2776 1146 2825 pronuntiasse
1178 2776 1399 2825 probabile
1432 2777 1517 2825 est,
1551 2776 1697 2824 itaque
1730 2775 2001 2817 rectissime.

268 2842 330 2881 ita
361 2853 461 2882 cum
488 2843 702 2882 Ahrensio
730 2843 863 2883 edidit
891 2844 1031 2892 Kock,
1061 2846 1109 2882 ut
1136 2854 1240 2883 mox
1267 2843 1494 2895 βαράκες
1522 2846 1613 2892 (pro
1639 2842 1838 2894 βάρακες),
1862 2843 1975 2891 quod

266 2910 426 2949 iterum
458 2910 643 2949 miratur
674 2910 758 2959 BL,
793 2921 947 2960 parum
981 2919 1184 2950 versatus
1216 2911 1259 2949 in
1291 2911 1501 2950 dialectis.
1535 2910 1696 2950 Contra
1727 2920 1791 2949 vs.
1821 2911 1846 2949 2
1874 2911 1975 2949 dare

266 2976 473 3016 debuerat
516 2977 756 3027 Ἀμύκλαιιν,
802 2979 915 3026 quod
958 2979 1051 3018 iure
1093 2978 1289 3027 postulat
1325 2978 1403 3027 Bl.,
1453 2977 1521 3017 vel
1563 2978 1709 3026 potius
1750 2977 1976 3028 Ἀμύκλαιίν

267 3053 344 3092 pro
376 3035 733 3094 Ἀμύκλαισιν,
768 3045 896 3094 idque
939 3045 1080 3085 celare
1124 3044 1298 3084 videtur
1330 3044 1548 3083 Athenaei
1579 3044 1709 3084 lectio
1741 3042 1975 3095 ἀμύκλαιον.

269 3110 379 3150 Male
419 3110 536 3150 idem
578 3111 704 3151 Add.
738 3122 777 3161 p.
807 3113 890 3151 331
924 3111 995 3150 τὰν
1027 3111 1278 3162 Ἀμύκλαισιν
1310 3113 1525 3161 proponit.
1558 3134 1614 3140 —-
1646 3113 1720 3153 Vs.
1753 3115 1779 3152 4
1812 3113 1977 3162 optime

268 3177 403 3227 idem,
447 3178 621 3218 collatis
664 3179 882 3221 Athenaei
925 3180 1070 3219 verbis
1112 3178 1240 3228 ζωμόν
1272 3193 1378 3227 τινα,
1418 3189 1493 3227 pro
1535 3179 1782 3230 δωδεμοστος
1814 3181 1893 3227 (sic
1926 3180 1976 3224 A)

270 3245 447 3294 corrigit
477 3245 608 3295 δωμός
639 3260 707 3292 τις.
