2216 3522
1124 229 1180 268 92

331 347 360 403 γ’
401 348 572 391 <ἕσθ’·>
603 347 682 390 ἀλλ’
716 351 849 391 εἴσιθι.
882 351 943 391 Cf.
979 351 1112 391 Kock.
1146 351 1230 391 Sed
1261 351 1411 400 quidni
1444 361 1544 391 cum
1578 351 1743 392 cod.C:
1771 346 1855 390 ὥστ’
1888 349 2037 398 εἴσιθι,

331 430 435 459 nam
479 420 658 460 voculae
698 415 728 472 y'
764 420 822 466 (in
854 420 908 465 A)
952 419 1026 458 vix
1068 419 1191 459 locus
1231 420 1313 460 est.
1356 419 1446 459 Sibi
1488 420 1637 459 autem
1679 418 1841 459 habeat
1872 417 2031 458 bellam

329 488 662 538 etymologiam,
719 498 805 536 qua
858 487 1092 527 cohaerere
1147 488 1275 537 putat
1322 486 1504 527 verbum
1549 497 1613 536 gr.
1659 486 1887 538 χρωννύναι
1932 495 2033 526 cum

329 556 500 605 anglico
530 558 585 595 to
617 557 787 595 roast.

389 623 470 663 Sed
517 623 633 663 enim
682 633 835 662 vereor
875 632 930 662 ne
976 623 1065 662 iam
1105 623 1222 663 iusto
1264 622 1432 662 diutius
1474 623 1677 662 versatus
1716 622 1761 662 in
1801 621 2035 671 diligenter

327 691 587 730 excutiendo
633 690 779 739 copias
826 689 1144 739 Blaydesianas
1201 691 1398 730 taedium
1454 700 1603 730 meum
1650 699 1749 729 cum
1798 688 2036 729 lectoribus

326 759 435 798 meis
466 759 808 806 communicem,
842 760 1107 807 quapropter
1134 758 1177 797 in
1219 756 1526 807 sequentibus,
1559 756 1816 807 plerumque
1856 755 2036 797 omissis

327 826 548 875 omnibus,
581 825 737 874 quibus
768 826 948 865 criticus
980 825 1151 874 Anglus
1188 827 1265 865 aut
1295 825 1559 865 sanissimae
1589 825 1803 866 lectiones
1834 826 1912 865 aut
1940 834 2032 875 pro·

327 894 527 933 habiliter
562 894 651 933 iam
691 895 912 933 correctas
952 892 1006 932 ab
1049 893 1149 932 aliis
1186 893 1462 943 sollicitavit,
1506 903 1558 933 ea
1588 892 1898 933 tantummodo
1928 891 2032 932 refe·

326 972 442 1010 ram,
490 972 600 1009 quae
645 961 740 1000 sive
782 960 883 1000 crisi
925 961 1020 1001 sive
1061 961 1413 1010 interpretationi
1454 963 1531 1001 aut
1571 961 1697 1001 utilia
1737 971 1823 1001 non
1855 969 2034 1011 prorsus

326 1029 512 1069 sortasse
559 1029 732 1069 inutilia
772 1027 1008 1078 protulisse
1051 1028 1237 1069 videtur.
1280 1028 1372 1078 Qua
1412 1029 1456 1068 in
1496 1039 1542 1068 re
1574 1030 1726 1069 eadem
1764 1027 1866 1079 fide,
1900 1037 2033 1078 quam

326 1097 547 1145 hucusque
578 1097 796 1147 praestiti,
828 1098 1029 1136 acturum
1062 1106 1134 1136 me
1166 1096 1372 1146 spondeo.

269 1164 334 1203 Fr.
367 1165 465 1214 222,
500 1167 540 1205 6.
582 1163 787 1215 πρόσεστι,
826 1166 1130 1214 praeterea
1170 1165 1288 1204 est?
1321 1164 1384 1204 Bl.
1417 1163 1597 1214 πάρεστι,
1628 1163 1725 1204 coll.
1758 1163 1958 1204 Pherecr.
1989 1163 2032 1203 11

324 1232 410 1271 290
442 1235 486 1272 et
516 1232 695 1281 Dionys.
728 1231 791 1271 ΙΙΙ
826 1231 911 1271 552
944 1231 1132 1271 forsitan
1166 1234 1299 1272 recte.
1333 1231 1407 1272 Vs.
1441 1233 1481 1272 8.
1525 1228 1546 1271 ὁ
1577 1231 1730 1282 σπλήνς
1761 1232 1804 1270 Β.
1835 1229 2031 1283 σεσάχθω.

326 1302 372 1338 A.
405 1305 563 1350 νῆστις;
607 1301 648 1338 Β.
681 1298 825 1339 ἀπολεῖ
850 1295 884 1349 μ’
920 1297 1068 1339 οὑτοσί.
1110 1299 1195 1339 Vix
1236 1302 1354 1339 recte
1386 1310 1433 1340 se
1475 1299 1608 1340 habet
1637 1305 1772 1350 νῆστις
1803 1299 1900 1339 sine
1928 1299 2029 1339 arti·

324 1367 433 1407 culo.
461 1367 576 1407 Num
609 1368 720 1408 forte
755 1363 855 1418 <ἡ>
887 1372 1021 1418 νῆστις
1047 1367 1372 1418 corrigendum,
1401 1369 1451 1407 ut
1481 1366 1677 1407 obtineat
1706 1366 1868 1407 similis
1893 1366 2032 1409 orasis

325 1437 454 1484 atque
496 1436 539 1476 in
581 1435 669 1475 ἴττω
705 1432 904 1488 Ἡρακλῆς
944 1435 1053 1475 Ach.
1090 1435 1210 1476 850?
1251 1436 1309 1475 At
1341 1445 1493 1475 vereor
1538 1445 1593 1475 ne
1639 1434 1785 1475 obstet
1819 1443 2031 1485 personae

325 1504 525 1543 mutatio.
569 1503 632 1543 Bl.
666 1503 814 1555 σπλήν;
849 1503 881 1541 Β
916 1496 1049 1544 <αὖ>
1085 1502 1279 1554 σεσάχθω.
1310 1503 1498 1542 fortasse
1529 1504 1661 1543 recte.
1691 1524 1741 1530 -
1776 1501 1851 1542 Vs.
1884 1501 1909 1542 7
1942 1511 2031 1542 cor·

325 1571 630 1620 ruptissimum
673 1570 975 1621 peringeniose
1015 1570 1092 1610 sed
1134 1570 1348 1611 violenter
1378 1572 1570 1611 tentavit
1609 1570 1751 1621 Kock,
1795 1570 2033 1611 violentius

332 1639 466 1678 etiam
499 1639 563 1679 Bl.
598 1640 639 1677 Β.
673 1636 868 1689 ὀπτήσεις.
906 1641 954 1677 Α.
986 1637 1118 1686 ὕειον;
1150 1640 1192 1677 Β.
1224 1637 1368 1679 ταύτὸν
1399 1632 1464 1678 αὖ.

270 1707 337 1747 Fr.
371 1707 469 1746 225.
1185 1704 1358 1759 τέτταρες
1389 1703 1429 1746 δ’
1465 1705 1698 1758 αὐλητρίδες

619 1772 667 1825 fx
680 1785 800 1817 σωσι
831 1772 981 1824 μισθὸν
1012 1772 1086 1813 κτὲ.

326 1842 617 1892 Exspectatur
658 1840 901 1892 φέρουσι,
942 1852 1028 1882 non
1071 1842 1188 1882 enim
1230 1842 1498 1893 solvebatur,
1540 1844 1591 1882 ut
1630 1841 1830 1892 arbitror,
1861 1851 2032 1883 merces

323 1912 425 1950 ante
455 1909 715 1958 praestitam
747 1920 940 1959 operam.
974 1909 1095 1950 Iusto
1129 1910 1364 1950 violentius
1396 1910 1460 1950 Bl.
1493 1909 1650 1960 πάρεισι
1681 1912 1845 1960 μισθοῦ.

266 1978 332 2017 Fr.
366 1978 464 2017 226.
497 1975 774 2028 ἐξωπλισμένη.
816 1977 880 2017 Bl.
915 1977 988 2017 cft.
1021 1977 1073 2018 fr.
1110 1978 1209 2027 217,
1247 1978 1314 2018 19.
1357 1978 1473 2018 Fons
1513 1977 1746 2018 locutionis
1781 1978 1852 2018 est
1882 1976 2028 2018 home·

324 2046 440 2085 ricus
471 2054 577 2083 usus
609 2044 729 2084 verbi
762 2042 944 2092 ὁπλίζειν.
965 2068 1017 2073 —
1047 2045 1121 2085 Vs.
1155 2046 1195 2085 9.
1228 2045 1444 2086 Headlam
1474 2045 1532 2093 τίς
1558 2043 1634 2098 γὰρ
1671 2044 1715 2084 τὸ
1746 2043 1889 2096 μέλλον
1919 2038 2030 2084 οἶδεν

322 2108 435 2162 ἡμῶν
467 2113 730 2162 transponit,
763 2113 839 2153 sed
871 2113 1067 2163 praefero
1099 2113 1411 2163 simpliciorem
1444 2113 1647 2154 Meinekii
1678 2113 1991 2154 coniecturam.

266 2180 331 2219 Fr.
365 2180 463 2229 228,
504 2182 539 2219 1.
583 2180 735 2230 Recte,
780 2181 823 2220 ni
865 2180 1006 2230 fallor,
1052 2182 1280 2231 proposui:
1323 2187 1394 2221 τοῦ
1426 2178 1505 2232 δῆτ’
1535 2178 1604 2220 ’ἂν
1635 2179 1758 2221 ἄλλου
1788 2180 1889 2232 πρὸς
1918 2182 2029 2220 θεῶν

323 2262 378 2293 τις
409 2246 555 2285 οὕνεκα
587 2245 661 2286 κτέ.
693 2248 832 2288 Aliter
859 2248 922 2288 ΒΙ.
952 2259 990 2297 p.
1015 2250 1110 2288 116.
1132 2271 1184 2277 -—
1204 2248 1277 2289 VS.
1307 2250 1347 2290 7.
1375 2250 1535 2290 Postea
1561 2250 1859 2291 coniecturam
1881 2257 2028 2289 meam

323 2317 475 2354 contra
505 2314 720 2355 Kockium
754 2315 924 2355 defendi
958 2318 1003 2355 et
1033 2316 1265 2365 Blaydesio
1296 2317 1457 2358 saltem
1490 2328 1529 2368 p.
1563 2318 1649 2359 338
1682 2316 1896 2368 persuasi.

266 2382 330 2420 Fr.
365 2383 462 2421 229.
497 2387 536 2422 (5.
577 2382 723 2432 μυίαις.
766 2384 831 2423 Ad
874 2384 988 2424 hanc
1028 2386 1325 2433 parasitorum
1363 2386 1702 2436 appellationem
1733 2384 1867 2425 simul
1898 2384 2028 2434 respi-

322 2450 445 2488 citur.
479 2448 541 2490 Cf.
576 2450 625 2490 fr.
667 2451 763 2501 195,
799 2452 839 2491 7.
873 2451 1052 2491 δειπνεῖν
1084 2450 1252 2503 ἄκλητος
1284 2456 1394 2504 μυῖα.

267 2516 330 2555 Fr.
365 2517 462 2564 231,
497 2518 522 2556 6
555 2527 618 2566 sq.
654 2518 794 2559 Verba
824 2517 1020 2558 οἱονεὶ-
1050 2519 1243 2571 ξηρασίαν
1275 2531 1362 2562 non
1389 2521 1611 2563 immerito
1636 2521 1844 2572 suspecta
1860 2518 2028 2561 Nabero

323 2583 477 2622 melius
508 2594 614 2624 sane
646 2584 786 2625 bonus
823 2589 953 2636 poeta
984 2586 1224 2627 omisisset.

267 2650 330 2688 Fr.
364 2651 461 2699 233,
497 2651 522 2690 2
555 2656 630 2690 νῦν
662 2657 757 2698 (πᾶν
789 2657 883 2703 ego)
916 2654 1084 2695 frustra
1115 2655 1330 2695 Kockium
1363 2656 1477 2696 tueri
1507 2658 1633 2706 putat
1665 2656 1729 2697 Bl.

266 2717 328 2755 Fr.
368 2719 465 2757 2334.
500 2719 656 2759 Athen.
692 2720 708 2759 I
747 2724 813 2761 14.
854 2723 904 2762 15
949 2720 1203 2762 ...ἐκαλεῖτο
1247 2720 1290 2762 δὲ
1331 2723 1527 2773 φαινίνδα
1568 2722 1648 2763 ἀπὸ
1684 2728 1754 2776 τῆς
1794 2721 2028 2775 ἀφέσεως
2066 2743 2070 2747 ·

323 2790 397 2821 τῶν
429 2787 727 2836 σφαιριζόντων.
762 2789 854 2829 Non
887 2790 1029 2839 potuit
1060 2791 1123 2831 ita
1153 2790 1343 2832 scribere
1374 2792 1714 2843 grammaticus,
1742 2802 1846 2833 nam
1878 2792 2028 2842 procul

321 2853 447 2891 dubio
480 2855 543 2893 sic
576 2854 703 2895 ludus
737 2856 978 2897 vocabatur
1008 2855 1088 2897 ἀπὸ
1119 2862 1188 2908 τῆς
1220 2859 1475 2910 προδείξεως,
1500 2862 1549 2901 ut
1574 2860 1701 2901 docet
1727 2860 1834 2902 Poll.
1861 2860 1924 2901 IX
1944 2862 2027 2902 165

326 2916 344 2967 ἡ
389 2918 428 2957 δὲ
472 2922 666 2968 φαινίνδα
713 2923 1020 2974 εἴρηται...ὅτι
1067 2923 1183 2981 ἑτέρῳ
1229 2926 1607 2978 προδείξαντες
1648 2926 1859 2981 ῥίπτουσιν
1899 2925 2027 2985 ἑτέρῳ.

320 2988 519 3036 scripsit,
565 2993 611 3029 ut
653 2991 854 3041 arbitror,
901 2993 1180 3033 Athenaeus:
1221 2991 1394 3034 ἐκαλεῖτο
1435 2992 1478 3035 δὲ
1509 2994 1773 3045 φαινίνδα
1813 2993 1929 3036 <cinno
1958 3000 2028 3048 τῆς

323 3056 661 3103 πριιὸείξεως,
692 3058 821 3109 ὥσπερ
848 3056 871 3110 ἡ
905 3058 1197 3109 ε’φετίνδα)
1222 3059 1302 3101 ἀπὸ
1332 3066 1402 3113 τῆς
1432 3059 1668 3113 ἀφέσεως
1694 3061 1923 3113 (ἔφέσεω,7)
1948 3070 2028 3104 τῶν

321 3123 629 3170 σφαψίζόνῐωνι
670 3126 730 3165 Cf.
777 3127 900 3167 Phot.
944 3128 1031 3168 lex.
1073 3126 1334 3177 ἓφετίνδα·
1376 3129 1471 3169 ὅταν
1512 3129 1615 3187 ἄλλῳ
1646 3132 1923 3184 προδείξαντες
1955 3132 2027 3184 τὴν

319 3193 493 3237 σφαῖραν
534 3190 635 3247 ἄλλῳ
677 3192 869 3242 ιὶφιῶσιν,
911 3196 980 3235 ubi
1019 3194 1187 3246 ἕφιῶσιν
1218 3198 1465 3248 corrigitur.
1507 3197 1832 3240 Aberraverant
1863 3200 2026 3242 librarii

320 3257 450 3305 oculi,
482 3269 591 3307 quac
618 3265 684 3300 est
713 3262 965 3303 lacunarum
994 3274 1128 3305 causa
1153 3264 1532 3317 frequentissima,
1566 3277 1592 3307 a
1618 3268 1762 3318 priore
1783 3290 1835 3298 —
1853 3267 1947 3308 ίνδα
1971 3268 2027 3310 ad
