2216 3522
1089 218 1170 257 133

248 339 316 378 Fr.
349 340 448 379 305.
480 340 545 380 ΒΙ.
592 338 656 379 ἐπὶ
695 340 837 392 Σάγρα
878 352 955 391 pro
996 342 1154 395 Σάγρα,
1193 344 1290 383 coll.
1332 345 1406 385 Ar.
1439 345 1551 386 Eccl.
1585 348 1685 396 943,
1730 349 1855 396 quasi
1899 358 2001 388 vero

306 405 416 446 haec
445 408 690 456 comparari
720 409 915 457 possint!

245 511 461 557 Clearchi
489 515 543 555 fr.
577 516 616 565 2,
651 516 691 555 2.
739 515 897 567 χόρταζε
935 517 1102 557 temere
1143 518 1207 558 ΒΙ.
1249 529 1326 568 pro
1368 518 1575 570 βρόχθιζε,
1616 531 1696 561 nec
1738 522 1865 561 valde
1896 523 2005 562 mihi

307 581 471 621 arridet
501 582 699 622 eiusdem
730 583 982 624 coniectura
1010 584 1231 636 περίσημον
1264 596 1342 635 pro
1372 586 1615 639 περίσαργον
1646 598 1712 627 vs.
1744 589 1785 628 3.

249 687 471 734 Antidoti
500 691 553 731 fr.
591 692 628 742 1,
662 693 702 732 5.
734 692 922 741 Blaydes
952 703 1030 742 pro
1061 693 1342 744 παιδομαθής,
1371 695 1484 743 quod
1514 705 1674 734 sanum
1702 695 1886 745 videtur,
1915 706 2006 745 pro·

307 758 455 808 posuit
483 757 724 810 πολυμαθὴς
757 760 885 808 (quod
915 760 1131 809 ineptum)
1163 762 1240 801 aut
1270 760 1505 813 ταχυμαθής
1527 765 1691 808 (serum
1717 762 2008 808 vocabulum).

311 825 581 876 Παιδομαθής
606 826 843 876 opponitur
873 833 925 881 τῷ
958 824 1180 878 ὄψιμαθής.

249 893 296 933 F.
329 894 370 942 4,
407 894 427 932 1
461 903 525 942 sq.
559 893 623 933 ΒΙ.
1105 894 1255 934 Θάσιον
1286 893 1386 947 ἔγχει
1422 903 1529 946 <μοι
1559 897 1712 948 ταχύ>·

831 959 988 1013 ἄλγος
1018 960 1113 1014 γὰρ
1144 959 1206 1012 ἢν
1238 976 1316 1013 μου
1347 960 1423 1001 κτὲ.

309 1027 444 1067 Multo
484 1027 628 1067 lenius
668 1028 809 1078 Kock,
843 1028 919 1076 qui
957 1029 1109 1068 tamen
1142 1039 1208 1069 vs.
1242 1029 1267 1068 3
1301 1030 1378 1069 vix
1409 1031 1526 1070 recte
1556 1031 1759 1080 proponit
1788 1027 1897 1070 τοῦδ’
1931 1041 2009 1081 pro

305 1091 425 1145 τοῦτ’,
463 1095 565 1144 quia
601 1095 786 1134 atticum
819 1095 932 1135 foret
961 1096 1116 1135 τούτου.
1149 1098 1218 1136 An
1247 1092 1320 1135 τότ’
1350 1096 1477 1144 εὐθὺς
1509 1107 1611 1137 cum
1638 1098 1736 1138 BL?
1778 1120 1831 1127 -
1863 1098 1938 1138 Vs.
1966 1099 2006 1138 3.

306 1161 421 1211 Lege
437 1161 709 1214 γί<γ>νεται.
735 1162 832 1202 Non
849 1162 1035 1203 debebat
1049 1163 1114 1203 ΒΙ.
1132 1164 1320 1203 otiosam
1339 1163 1521 1204 Corselii
1539 1165 1834 1205 coniecturam
1852 1165 2013 1217 γίνομαι

306 1228 502 1277 probare.
520 1251 575 1256 —
603 1229 679 1269 Vs.
707 1230 734 1268 4
761 1228 988 1281 κατέβρεξεν
1019 1230 1095 1269 vix
1130 1241 1304 1271 sanum.
1338 1233 1452 1281 Apte
1483 1230 1704 1280 κατέδειξεν
1738 1233 1921 1272 coniecit
1943 1232 2008 1272 ΒΙ.

253 1342 477 1388 Axionici
507 1346 560 1386 fr.
598 1347 635 1396 1,
698 1350 739 1386 4.
781 1346 843 1386 De
884 1356 985 1386 mea
1025 1347 1276 1386 coniectura
1315 1347 1484 1387 fallitur
1524 1347 1590 1388 Bl.
1632 1348 1701 1393 (cf.
1743 1348 1891 1397 Kock)‚
1937 1348 2009 1396 qui

308 1412 525 1458 (mirabile
550 1413 669 1453 dictu
682 1415 708 1459 1)
740 1413 892 1453 scribit
926 1413 1051 1463 „Ipse
1083 1412 1247 1465 ἕπε’χω.”
1274 1413 1392 1464 Quod
1419 1415 1590 1454 utinam
1618 1416 1794 1465 saepius
1819 1415 2009 1454 fecisset.

250 1480 319 1520 Fr.
355 1481 395 1520 2.
428 1480 660 1530 Ingeniosa
693 1481 932 1521 Headlam:
966 1480 1036 1520 ἔνι.
1054 1504 1107 1510 -
1127 1483 1170 1519 Β.
1197 1481 1295 1520 αἴτει
1321 1482 1406 1528 (vel
1433 1481 1564 1528 αἰτοῦ)
1588 1481 1688 1533 πρὸς
1705 1478 1804 1533 (παρ’
1817 1483 1852 1527 ?)
1879 1480 2012 1533 ἑτέρου

311 1547 398 1594 (vel
429 1545 603 1600 ἑταίρου)
637 1571 688 1577 -—
723 1547 859 1599 κῶμόν
888 1563 1010 1596 τινος.

251 1614 323 1654 Fr.
355 1615 396 1665 4,
432 1616 470 1656 7.
501 1612 610 1655 τοῦδ’
646 1618 765 1656 recte
796 1616 966 1666 Nauck,
1000 1616 1076 1656 sed
1107 1616 1204 1656 sine
1235 1626 1368 1656 causa
1394 1616 1490 1656 εἴπω
1518 1627 1595 1667 pro
1621 1615 1764 1667 ἐνέπω,
1787 1618 1826 1656 si
1851 1627 2009 1656 sanum

308 1684 377 1722 est
415 1682 631 1734 παρεόντος
663 1694 728 1724 vs.
765 1684 837 1733 16,
870 1683 945 1722 ubi
975 1685 1127 1723 tamen
1156 1684 1352 1733 speciose
1382 1682 1541 1735 ῥέοντος
1573 1684 1757 1724 coniecit
1787 1683 1921 1723 Kock.
1954 1705 2009 1710 —

309 1749 382 1790 Vs.
416 1751 456 1790 9.
500 1751 710 1800 Proposui
742 1750 962 1800 quondam
992 1756 1074 1788 πᾶν
1106 1753 1181 1796 (sc.
1215 1754 1341 1800 σῶμα)
1373 1762 1449 1801 pro
1478 1757 1564 1802 τῆς,
1604 1752 1681 1791 sed
1711 1751 2010 1801 praeferebam

308 1814 378 1868 τῆς
411 1818 561 1865 Θασίας
592 1822 708 1864 (cum
739 1818 917 1868 Kockio,
949 1818 1024 1866 qui
1054 1818 1150 1858 sine
1181 1828 1315 1858 causa
1344 1824 1413 1869 τῆς
1439 1820 1586 1858 mutat
1610 1819 1654 1858 in
1679 1821 1786 1865 τοῖς).
1812 1819 1862 1857 In
1879 1818 2010 1858 Athe·

309 1885 410 1925 naei
447 1885 542 1925 loco
582 1885 770 1926 fortasse
801 1890 1054 1935 corruptum
1085 1887 1155 1925 est
1183 1886 1387 1937 κυβεύειν,
1422 1896 1500 1935 pro
1532 1896 1616 1935 quo
1649 1888 1823 1936 propter
1854 1896 1919 1924 vs.
1956 1886 2008 1924 15

310 1954 571 2002 expectatur
601 1955 882 2003 συκοφαντεῖν.

251 2020 321 2060 Fr.
354 2021 395 2070 6,
430 2021 471 2060 6.
512 2021 595 2060 Pro
636 2019 843 2060 ἐλυσιτέλει
882 2019 979 2072 γάρ,
1009 2031 1119 2069 quae
1153 2021 1283 2060 verba
1312 2021 1458 2061 labem
1492 2023 1781 2070 susceperunt
1812 2031 1868 2060 ex
1903 2022 2012 2058 λυσι-

309 2083 411 2134 τελὲς
451 2097 516 2128 vs.
550 2088 590 2138 8,
632 2088 904 2128 sententiam
940 2088 1164 2138 postulare
1204 2086 1483 2140 διεκαρτέρησεν
1524 2085 1559 2127 δ’
1605 2091 1681 2128 aut
1722 2088 1868 2128 simile
1909 2087 2010 2135 quid

311 2154 419 2194 olim
450 2156 615 2195 monui.

252 2222 321 2261 Fr.
354 2222 394 2261 8.
1286 2222 1416 2273 ζωμὸν
1448 2229 1550 2262 ποιῶ

575 2287 730 2340 θερμὸν
762 2288 884 2340 ἰχθὺν
914 2286 1241 2339 ἐπαναπλάττων,
1273 2287 1477 2341 ἡμίβρωτα
1507 2289 1678 2339 λείψανα

578 2354 800 2405 συντιθείς,
831 2369 1176 2405 οιονταιανοο,
1206 2353 1321 2408 ἔντερ’
1358 2354 1422 2395 ἁλὶ
1454 2355 1519 2395 καὶ
1552 2356 1695 2411 σιλφίῳ

579 2421 832 2472 σφενδονῶν,
867 2419 1040 2460 ἀλλᾶντα
1070 2419 1254 2472 τέμνω(ν)
1285 2420 1361 2461 κτὲ.

312 2488 428 2528 Satis
462 2498 629 2538 nequeo
664 2490 816 2529 mirari
848 2500 913 2529 vs.
947 2490 995 2539 3,
1036 2489 1345 2539 plaudentibus
1376 2491 1426 2529 ut
1455 2490 1629 2530 videtur
1660 2489 1884 2539 omnibus,
1919 2491 2011 2528 tan·

313 2565 447 2604 quam
488 2556 784 2596 certissimam
809 2558 1032 2606 receptam
1074 2566 1172 2596 esse
1214 2557 1486 2606 ingeniosam
1529 2566 1635 2597 sane
1682 2557 1872 2606 Emperii
1915 2567 2011 2596 con-

308 2621 528 2669 iecturam
573 2622 669 2679 οἴνῳ
715 2622 959 2674 διαίνων,
1004 2633 1089 2672 qua
1134 2625 1286 2663 tamen
1328 2624 1494 2664 comico
1536 2624 1784 2664 obtruditur
1831 2623 2012 2663 verbum

313 2688 598 2731 Homericum
638 2692 683 2731 et
722 2691 958 2740 tragicum,
1001 2701 1076 2740 pro
1112 2701 1196 2739 quo
1228 2691 1311 2740 ipsi
1344 2691 1638 2731 Athenienses
1670 2691 1802 2731 δεύειν
1833 2700 2011 2740 usurpa·

313 2756 434 2797 bant.
467 2757 621 2797 Procul
651 2757 779 2798 dubio
811 2758 1025 2798 Axionico
1056 2758 1349 2798 reddendum:

744 2823 946 2872 συντιθεὶς
978 2825 1104 2881 οἴνῳ
1137 2839 1185 2864 τε
1216 2824 1414 2877 ῥαίνων
1445 2824 1519 2865 κτέ.

313 2890 409 2931 coll.
442 2891 708 2940 Antiphanis
739 2893 790 2933 fr.
825 2893 924 2942 217,
963 2893 1014 2932 12
1047 2895 1140 2940 παῖς
1173 2889 1210 2931 δ’
1245 2890 1487 2943 ἕφέστηκε(ν)
1519 2892 1653 2944 ῥανῶν
1681 2891 1686 2947 Ι
1715 2891 1793 2941 ὄξει
1830 2894 2013 2942 (pisces).

314 2958 503 3008 Emperii
543 2960 791 3000 coniectura
831 2961 968 3000 etiam
1008 2970 1060 3000 eo
1102 2961 1281 3000 nomine
1322 2960 1484 3000 vitiosa
1523 2962 1610 3010 est,
1652 2960 1765 3009 quod
1798 2960 1862 3000 ita
1893 2958 2015 2999 ἀσυν-

314 3023 433 3072 δὲτως
473 3026 713 3075 iunguntur
759 3037 869 3075 quae
910 3027 964 3066 ad
1011 3027 1195 3067 eandem
1237 3037 1331 3066 rem
1371 3028 1606 3076 pertinent.
1648 3027 1702 3067 Et
1742 3028 1840 3067 vide
1882 3038 2013 3076 quam

317 3095 443 3136 facile
491 3096 733 3135 ΟΙΝΩΙΤΕ
780 3085 958 3136 ΡΑΙΝἷὶ
1002 3097 1046 3136 in
1089 3096 1454 3135 ΟΙΟΝΤΑΙΑΝΩ
1495 3097 1614 3137 abire
1656 3098 1866 3148 potuerit,
1915 3108 2015 3138 cum

317 3164 576 3212 praesertim
610 3165 646 3202 E
675 3166 720 3204 et
750 3166 816 3203 AI
843 3167 1016 3214 propter
1054 3174 1200 3204 seram
1241 3164 1645 3214 pronuntiationem
1678 3167 1886 3215 perpetuo
1919 3176 2015 3205 con·

317 3230 556 3271 fundantur
595 3242 622 3272 a
653 3231 855 3272 librariis.
891 3254 944 3261 —
977 3229 1051 3271 Vs.
1084 3233 1124 3272 6.
1158 3230 1229 3282 τὴν
1261 3229 1383 3271 ἕωλον
1414 3229 1567 3284 ἡμέραν
1598 3234 1824 3282 repotia
1856 3231 2015 3282 signifi-
