2216 3522
1037 189 1119 228 211

199 311 269 351 Fr.
301 312 401 352 547.
459 311 638 351 Rectius
693 312 1012 362 Diogenianum
1054 315 1095 364 4,
1139 315 1193 354 97
1242 315 1401 355 habere
1448 316 1762 370 δυστυχεστέρων
1808 323 1957 359 monet

257 379 421 419 Nauck.
453 380 548 419 Non
579 380 736 420 accedo
768 380 1000 430 Blaydesio
1031 383 1223 421 tentanti
1254 379 1540 434 ἀστοχούντων.

199 446 269 486 Fr.
301 446 388 486 548
419 446 620 493 alienum.
644 457 741 488 esse
773 459 799 488 a
830 449 1053 489 comoedia
1083 450 1245 490 iudicat
1277 450 1324 490 Ο.
1343 450 1535 491 Crusius.

199 513 268 554 Fr.
294 514 403 554 549.
443 513 488 553 αἱ
521 510 673 567 ’γνάθοι
718 526 770 566 „a
805 516 909 565 joke
949 517 1016 557 for
1053 516 1099 555 αἱ
1135 517 1280 569 γοναί”
1318 518 1548 558 Headlam.
1581 519 1766 559 Multum
1796 520 1958 561 dubito.

261 580 540 630 Significatur
584 583 971 634 maxillarum,
1022 586 1081 624 ut
1126 585 1335 634 baculi,
1385 596 1483 635 ope
1531 597 1733 636 corpus
1779 589 1963 628 senile

260 651 602 691 sustentari

201 717 270 757 Fr.
304 718 404 759 554.
584 715 611 770 ἢ
642 716 715 770 χρὴ
747 718 1036 774 τραγῳδεῖν
1067 718 1219 766 πάντας
1251 717 1278 771 ἢ
1310 723 1562 772 μελαγχολᾶν.

259 784 354 824 Non
395 784 658 835 intellegens
686 784 838 833 πάντας
868 786 932 826 Bl.
968 788 1045 826 aut
1074 791 1216 826 τοῦτον
1246 787 1603 827 substituendum
1636 791 1763 838 putat
1795 792 1872 829 aut
1898 791 1963 830 de·

258 852 459 903 lendum,
501 854 712 903 rescripto
751 856 994 906 μελαγχολᾶν
1030 866 1213 895 <τινα>.
1245 855 1334 904 Ego
1366 866 1419 895 ne
1452 855 1516 895 sic
1546 856 1720 903 quidem
1753 858 1965 907 scriptum

257 921 558 971 proverbium,
591 921 706 970 quod
737 931 823 961 sec.
851 921 1171 971 Diogenianum
1198 922 1421 962 dicebatur
1446 920 1510 961 ἐπὶ
1534 928 1612 961 τῶν
1638 922 1734 973 μήτε
1749 926 1962 963 λυπεῖσθαι

260 987 356 1039 μήτε
385 987 534 1040 χαίρειν
566 986 824 1039 δυναμένων,
853 989 1074 1039 intellego.
1107 989 1223 1029 Num
1254 990 1366 1029 forte
1396 990 1503 1029 fuit:

466 1053 493 1107 ἢ
523 1054 596 1108 χρὴ
627 1055 915 1111 τρυγῳδεῖν
946 1055 1097 1103 πάντας
1130 1055 1298 1107 (θνητὸν
1310 1058 1344 1103 ’.7)
1377 1054 1403 1108 ἢ
1434 1059 1698 1108 μελαγχολᾶν;

259 1124 311 1163 ut
354 1122 627 1173 significetur
671 1124 901 1163 ridendum
958 1134 1055 1164 esse
1109 1124 1161 1163 de
1208 1125 1326 1164 vitae
1372 1125 1594 1165 humanae
1640 1125 1831 1176 casibus,
1879 1128 1965 1166 nisi

260 1189 442 1231 dolendo
483 1191 529 1230 in
568 1191 920 1240 desperationem
953 1193 997 1230 et
1028 1192 1248 1231 insaniam
1280 1191 1423 1231 delabi
1454 1192 1595 1231 velis?
1628 1214 1682 1220 —
1715 1193 1765 1232 In
1797 1194 1966 1233 univer-

259 1267 362 1298 sum
408 1260 559 1298 autem
599 1259 715 1298 haud
756 1258 867 1298 satis
909 1260 1089 1308 apparet
1129 1259 1432 1298 huiuscemodi
1472 1259 1694 1308 popularis
1725 1260 1967 1309 sapientiae

260 1326 396 1376 fetus,
428 1326 532 1367 licet
564 1327 719 1367 comici
749 1327 814 1366 uti
844 1327 1067 1376 potuerint
1103 1328 1147 1366 et
1177 1336 1332 1366 revera
1362 1327 1537 1376 saepius
1567 1327 1635 1365 usi
1658 1326 1765 1377 sint,
1799 1337 1964 1367 comoe-

261 1393 358 1434 diae
398 1394 589 1444 primam
630 1394 784 1434 debere
822 1395 1035 1444 originem
1068 1395 1214 1444 potius
1246 1405 1378 1443 quam
1410 1395 1551 1434 veteri
1580 1395 1701 1443 poesi
1732 1395 1963 1444 iambicae‚

262 1461 385 1501 velut
429 1462 711 1511 proverbium
759 1465 857 1511 (quo
903 1462 1223 1511 Aristophanes
1269 1462 1408 1501 utitur
1449 1462 1494 1500 in
1535 1461 1678 1508 Pluto)
1718 1461 1840 1499 πάλαι
1880 1458 1962 1500 ποτ’

262 1522 367 1579 ἦσαν
397 1526 555 1580 ἄλκιμοι
587 1529 783 1580 Μιλήσιοι
815 1531 860 1569 et
891 1530 1003 1578 quod
1035 1540 1141 1570 mox
1172 1529 1237 1575 (fr.
1271 1530 1373 1575 556)
1404 1529 1564 1578 legitur
1593 1527 1731 1567 πολλοὶ
1758 1527 1965 1581 στρατηγοὶ

266 1595 421 1646 Καρίαν
462 1594 670 1635 ἀπώλεσαν
713 1597 960 1637 Asiaticum
1000 1597 1147 1646 potius
1188 1607 1319 1646 quam
1355 1596 1554 1636 Atticum
1586 1596 1753 1635 fontem
1785 1596 1964 1645 prodere

266 1663 484 1704 videntur.
1200 1693 1206 1697 -

205 1730 273 1770 Fr.
307 1731 407 1771 558.
448 1731 600 1771 Nauck
640 1731 748 1771 citat
786 1730 1062 1771 Boissonadii
1098 1731 1259 1771 Anecd.
1292 1730 1378 1770 vol.
1410 1731 1430 1769 I
1467 1741 1506 1779 p.
1544 1731 1618 1778 16;
1651 1730 1827 1779 Gregor.
1861 1730 1964 1770 Naz.

265 1798 384 1838 Orat.
420 1799 472 1838 13
506 1809 546 1848 p.
581 1798 664 1838 207
685 1797 729 1839 C.

205 1865 275 1905 Fr.
309 1867 409 1907 565.
575 1865 614 1904 τί
645 1865 710 1904 δεῖ
735 1868 921 1916 παρεῖναι
951 1864 1212 1915 λήκυθον,
1242 1862 1293 1916 ἢν
1325 1863 1434 1911 ἔτνος
1466 1870 1595 1919 παρῇ;

263 1932 438 1973 Veteris
477 1933 729 1973 comoediae
766 1943 864 1973 esse
897 1933 1042 1982 arguit
1071 1933 1214 1972 forma
1244 1930 1307 1983 ἢν.
1333 1933 1543 1982 Quamvis
1574 1932 1656 1971 hoc
1685 1932 1964 1981 proverbium

265 2000 393 2050 (apud
434 2000 686 2047 Macarium)
730 2002 877 2040 careat
919 2000 1227 2049 explicatione,
1271 2000 1514 2049 speciosius
1554 2007 1686 2047 quam
1719 1999 1886 2049 verius,
1921 2000 1966 2038 ni

263 2067 404 2118 fallor,
436 2068 671 2108 lectionem
702 2066 885 2118 λήκυθον
916 2069 1082 2108 tuearis
1114 2069 1219 2107 nota
1250 2067 1476 2107 Strattidis
1506 2076 1661 2106 versus
1692 2066 1909 2115 Euripidei
1942 2077 1964 2106 e

265 2135 519 2174 Phoenissis
550 2135 637 2175 462
669 2135 870 2184 parodia:

619 2199 860 2253 παραινέσαι
891 2198 934 2240 δὲ
965 2207 1079 2255 σφῷν
1110 2216 1146 2240 τι
1177 2201 1372 2252 βούλομαι
1404 2200 1550 2251 σοφόν·

621 2267 717 2307 ὅταν
748 2273 884 2319 φακῆν
915 2266 1035 2318 ἕψητε
1065 2266 1119 2318 μὴ
1144 2264 1289 2319 ’πιχεῖν
1322 2267 1461 2318 μύρον.

267 2335 540 2376 Felicissima
594 2335 750 2375 Kockii
805 2335 1070 2385 coniectura,
1128 2336 1197 2375 cui
1251 2335 1404 2374 favent
1458 2336 1593 2374 etiam
1649 2335 1840 2383 numeri,
1898 2337 1966 2374 est

267 2400 499 2442 λέκιθον.

209 2469 277 2509 Fr.
311 2470 410 2509 573.
581 2468 625 2509 τὸ
656 2475 794 2521 γνῶμα
823 2475 924 2522 γοῦν
956 2467 1210 2520 βέβληκεν
1243 2467 1295 2516 ὡς
1328 2462 1415 2507 οὖσ’
1452 2466 1611 2515 ἑπτέτις.

268 2536 634 2576 Animadvertant
658 2537 825 2577 tirones
847 2537 899 2577 de
928 2537 1122 2576 dentib
1137 2547 1197 2576 us
1223 2536 1508 2576 mutandis
1532 2544 1685 2584 graece
1712 2535 1966 2574 constanter

266 2604 469 2653 usurpari
509 2603 691 2644 verbum
732 2604 941 2654 simplex,
982 2605 1028 2643 et
1060 2603 1285 2643 conferant
1318 2602 1535 2642 adiectiva
1566 2600 1709 2653 ἅβολος
1742 2603 1785 2640 et
1816 2614 1965 2651 πρωτο-

267 2669 385 2722 βόλος
417 2681 516 2711 cum
548 2670 680 2711 verbo
711 2671 987 2722 πρωτοβολεῖν.

209 2738 277 2777 Fr.
310 2738 409 2778 582.
443 2738 605 2778 Servus
635 2738 743 2778 haec
774 2738 916 2778 dicere
949 2738 1131 2787 videtur,
1166 2738 1234 2776 cui
1266 2736 1384 2776 erilis
1411 2734 1526 2775 filius
1553 2735 1806 2774 adolescens
1843 2733 1964 2772 liber-

267 2806 406 2845 tatem
437 2806 705 2855 promiserit,
738 2806 776 2844 si
807 2806 902 2845 eius
928 2814 1059 2854 opera
1087 2804 1271 2843 muliere
1298 2804 1464 2852 amata,
1495 2812 1625 2850 quarn
1656 2804 1779 2850 pater
1806 2811 1964 2840 nurum

268 2871 428 2912 habere
459 2872 612 2922 nollet,
646 2872 758 2912 foret
789 2873 968 2921 potitus.

209 2940 278 2980 Fr.
311 2940 411 2979 584.
453 2944 521 2990 τῆς
562 2950 639 2989 pro
674 2945 744 2978 τοῦ
786 2941 904 2979 recte
946 2938 1112 2978 scholia
1143 2937 1430 2977 Genovensia.
1465 2935 1628 2983 Nicole,
1663 2934 1758 2974 coll.
1791 2934 1965 2973 Terent.

267 3007 400 3046 Andr.
444 3007 529 3046 913
567 3016 647 3055 sq„
681 3005 969 3055 probabiliter
1010 3016 1032 3044 e
1075 3004 1296 3043 Menandri
1340 3003 1504 3041 Andria
1546 3002 1626 3040 hoc
1667 3001 1965 3049 fragmentum

268 3075 467 3113 sumtum
499 3083 597 3112 esse
626 3073 891 3122 suspicatur.

210 3140 278 3179 Fr.
310 3141 410 3180 587.
442 3139 547 3180 Coll.
579 3139 764 3191 κοττάβια
797 3139 977 3188 Callipp.
1006 3138 1063 3178 IV
1092 3140 1173 3178 561
1205 3138 1271 3186 M„
1313 3139 1428 3176 recte
1460 3136 1523 3175 Bl.
1556 3141 1633 3173 τῶν
1675 3134 1967 3183 κοτταβίων

270 3204 314 3245 δέ
336 3202 366 3259 γ’
396 3207 481 3254 (vel
506 3205 595 3259 γὰρ)
620 3202 768 3257 ἡμέτερ’
815 3200 863 3256 ἦν
894 3205 939 3244 τὰ
970 3204 1132 3244 πλείονα
1166 3204 1232 3250 (cf.
1267 3203 1419 3251 Koek)‚
1453 3202 1699 3251 praemium
1734 3201 1776 3240 in
1804 3200 1967 3239 cottabi
