2216 3522
1103 206 1186 245 149

260 329 328 368 Fr.
363 329 462 378 233,
500 329 536 369 1.
585 329 826 369 Tentabam
869 327 923 378 μὴ
949 325 1132 384 ’κλαλῇς,
1173 330 1269 370 0011.
1301 331 1414 370 Εο01.
1452 332 1518 381 16,
1553 334 1600 371 ut
1632 332 1832 370 Philistio
1865 332 1932 377 (cf.
1967 331 2020 370 ad

320 396 421 442 230)
451 396 639 437 fortasse
669 397 839 436 soloece
870 397 1059 436 scribere
1090 399 1278 447 poterat,
1312 408 1416 437 nam
1443 399 1614 438 sincera
1635 398 1851 448 graecitas
1877 400 2020 447 postu-

318 463 382 502 lat
412 462 467 514 μὴ
493 460 660 514 ’κλάλει,
690 464 804 513 quod
836 465 881 502 et
912 465 1057 513 ipsum
1091 465 1229 504 conici
1260 467 1419 514 potest.

260 529 328 568 Fr.
358 529 446 568 ‘235
465 539 503 569 a.
545 529 686 581 χρόνος
727 528 917 579 μαλάσσει
957 529 1088 568 πάντα
1131 528 1453 581 κάξξέργάζεταικ
1472 531 1536 570 Β1.
1575 528 1871 581 ηκάξεργάζεται
1904 540 2019 568 men·

320 596 495 646 dosum,
538 598 614 636 sed
655 597 758 646 quid
800 597 1095 645 reponendum
1139 597 1199 636 sit
1238 608 1323 636 non
1366 598 1624 647 perspicio.”
1667 597 1761 636 Mea
1791 598 1954 645 scripta
1984 597 2022 635 si

319 664 633 714 consultasset,
668 664 850 703 vidisset
881 674 951 703 me
983 665 1146 703 dudum
1179 665 1421 704 correxisse
1452 663 1760 717 κάξοργάζεται,
1799 664 1852 703 de
1882 664 2023 703 forma

319 731 466 771 media
513 732 809 771 conferentem
856 728 1107 783 ὀργάσασθαι
1154 732 1264 780 apud
1306 732 1614 781 Hippocratem
1657 733 1698 770 II
1731 732 1818 771 790
1860 733 1905 770 et
1938 732 2016 770 791

320 799 384 838 ed.
423 798 538 838 Erm.
581 798 892 838 Chaeremonis
924 799 1080 848 tragici
1112 799 1162 838 fr.
1197 800 1266 844 (23
1299 799 1419 845 ch.)
1462 810 1558 839 esse
1600 799 1831 839 confirmat
1861 798 2022 846 duplex

321 866 467 916 sigma
497 866 543 905 in
576 865 778 915 μαλάσσει.

260 931 328 973 Fl'.
363 934 462 973 239.
495 933 559 974 Bl.
592 932 738 983 ζήσεις,
766 929 919 984 γυναῖκ’
955 930 1004 970 ἂν
1037 931 1090 982 μὴ
1123 932 1246 987 λάβῃς
1279 935 1323 972 et
1356 934 1456 982 alia,
1493 934 1653 983 partim
1687 933 1858 972 Vitiosa.

261 1001 330 1040 Fr.
363 1002 463 1040 246.
497 1000 735 1041 Christiani
765 1001 977 1050 poetastri
1008 1001 1126 1040 fetus
1154 1000 1339 1050 videtur,
1368 1011 1506 1049 neque
1533 1002 1667 1050 igitur
1693 1011 1792 1040 cum
1819 1000 1883 1039 Bl.
1912 1009 1976 1038 vs.
1996 1000 2020 1037 3

320 1068 492 1117 requiro
533 1066 604 1118 τὴν
645 1073 742 1119 γῆν,
781 1068 857 1107 sed
894 1068 1056 1107 ibidem
1088 1068 1300 1107 mendosa
1332 1070 1436 1107 sunt
1470 1068 1602 1107 verba
1633 1066 1685 1114 ὡς
1717 1066 1796 1106 ἀπὸ
1826 1072 1915 1116 τοῦ,
1946 1077 2021 1115 pro

321 1135 478 1184 quibus
532 1135 716 1175 coniecit
762 1134 856 1174 ὥστε
908 1133 986 1173 καὶ.
1029 1135 1177 1174 Malim
1218 1135 1308 1174 fere
1351 1132 1434 1174 ὥστ’
1486 1133 1549 1173 ἐπὶ
1589 1134 1718 1173 πάντα
1759 1133 1827 1173 τὸν
1867 1133 2020 1185 χρόνον.

320 1203 443 1243 Idem
485 1213 549 1242 vs.
582 1205 607 1243 6
650 1203 745 1242 sine
782 1203 872 1242 ulla
903 1213 1036 1242 causa
1065 1199 1127 1242 δύ’
1164 1200 1365 1253 ἀτραποὺς
1397 1213 1473 1252 pro
1507 1203 1580 1241 δύο
1612 1202 1771 1253 τρίβους
1804 1202 1861 1247 (in
1894 1202 2023 1250 poeta

321 1267 471 1313 Attico
511 1271 809 1320 suspicareres
859 1270 932 1309 δύο
983 1270 1116 1321 τρίβω)
1159 1272 1203 1310 et
1245 1281 1309 1309 VS.
1353 1271 1378 1309 8
1427 1268 1526 1310 <ὅ>
1563 1269 1715 1316 δίκαιος
1752 1267 1932 1320 χᾶσεβὴς.
1968 1291 2019 1296 -

323 1338 397 1378 Vs.
434 1339 502 1378 10.
543 1336 668 1389 μηδὲν
707 1341 922 1388 πλανηθῆς
962 1339 1132 1377 novicio
1174 1348 1256 1377 usu
1288 1338 1454 1377 dictum
1486 1339 1555 1377 est
1586 1347 1662 1386 pro
1694 1333 1819 1387 μηδὲν
1850 1337 2024 1389 σφαλῇς,

323 1406 418 1445 sive
448 1408 646 1460 ψευσθῇς.
677 1406 776 1455 Ipse
808 1406 872 1444 Bl.
907 1405 980 1445 cft.
1014 1405 1137 1444 Pauli
1170 1405 1188 1443 I
1220 1405 1346 1454 epist.
1380 1404 1474 1444 Cor.
1507 1404 1565 1442 VI
1598 1405 1637 1444 9.

266 1503 563 1548 Philemonis
596 1505 798 1548 minoris
823 1506 875 1545 fr.
903 1506 942 1555 2,
975 1507 994 1544 1
1014 1515 1078 1554 sq.
1108 1505 1272 1544 Similis
1299 1504 1520 1544 sententia
1545 1505 1614 1543 est
1638 1503 1817 1542 maioris
1842 1503 1893 1542 fr.
1925 1502 2020 1540 134.

265 1603 455 1659 Diphili
485 1606 536 1646 fr.
575 1607 595 1644 1
645 1605 805 1645 melius
851 1605 1048 1644 restituit
1090 1604 1213 1644 Kock
1254 1614 1386 1653 quam
1426 1603 1604 1643 Dobree.
1643 1625 1690 1630 -
1721 1603 1795 1642 Vs.
1830 1603 1869 1642 3.
1913 1601 2022 1640 Male

325 1673 390 1713 Bl.
423 1671 522 1724 ἔχων
554 1672 730 1724 βαδίζειν
762 1673 833 1712 vel
865 1672 1020 1724 βαίνειν
1052 1670 1231 1723 ἐχόντων.

265 1740 334 1780 Fr.
367 1742 407 1780 ὃ.
440 1740 557 1780 Bene
583 1740 815 1789 Headlam,
849 1740 944 1779 coll.
980 1739 1149 1779 Alexid.
1182 1739 1277 1788 144,
1308 1739 1347 1788 8,
1381 1735 1525 1777 πλείον’
1555 1737 1607 1786 ὡς
1634 1741 1792 1778 etcum
1812 1739 2022 1778 Meinekio

324 1805 350 1859 ἢ
375 1803 416 1846 ’κ
447 1813 538 1846 τῶν.

266 1875 334 1915 Fr.
371 1876 437 1915 11.
470 1875 535 1915 Bl.
573 1873 705 1922 <ὡς>
741 1875 867 1926 βραχύ
900 1874 937 1913 τί
960 1873 1039 1914 ἐστι
1070 1873 1150 1915 <τό
1174 1881 1255 1925 ys>
1286 1873 1477 1912 τάλαντον
1509 1873 1769 1924 <χρυσίου>,
1795 1874 1838 1912 in
1866 1872 2022 1921 quibus

323 1942 524 1991 displicet
562 1957 616 1994 γε.
663 1943 751 1983 Nec
790 1953 894 1983 vero
935 1943 1157 1992 explicant
1197 1941 1351 1980 scholii
1391 1943 1437 1981 et
1477 1941 1741 1990 Etymologii
1784 1940 1927 1979 verba.
1970 1939 2023 1978 Et

324 2020 435 2058 quae
466 2020 628 2058 quaeso
659 2011 837 2050 omnino
869 2011 938 2049 est
969 2010 1012 2049 in
1044 2009 1206 2049 talibus
1236 2008 1523 2060 πειθανάγκηὶ)

265 2077 333 2117 Fr.
371 2079 436 2126 14,
471 2078 510 2117 2.
557 2077 704 2129 λιπαρά
750 2088 836 2117 non
883 2078 993 2117 satis
1040 2076 1265 2125 intellego,
1314 2076 1391 2115 sed
1437 2076 1624 2116 fortasse
1670 2077 1788 2115 recte
1827 2076 1890 2114 ita
1936 2074 2019 2113 dici

324 2145 465 2194 potuit
494 2145 670 2184 crambe
700 2154 898 2184 recens
929 2155 988 2184 ac
1021 2144 1224 2192 nitida,
1257 2153 1338 2182 nec
1369 2153 1474 2182 sane
1502 2153 1603 2182 cum
1629 2142 1693 2182 Bl.
1722 2142 2020 2191 rescripserim

324 2211 499 2263 καθαρά.
546 2212 667 2251 Idem
709 2222 774 2252 vs.
808 2214 834 2251 4
875 2212 1062 2262 βρώματα
1100 2221 1176 2260 pro
1217 2210 1444 2261 πράγματα,
1484 2210 1597 2258 quod
1629 2219 1735 2249 sane
1762 2210 2022 2259 ‚suspectum

325 2279 396 2319 hic
427 2280 472 2318 et
502 2279 547 2318 in
578 2279 887 2328 Aristophanis
919 2279 970 2318 fr.
1004 2280 1103 2328 313,
1143 2279 1208 2327 15,
1246 2278 1319 2317 ubi
1350 2278 1465 2316 idem
1498 2278 1583 2326 legi
1615 2277 1747 2316 iubet.

269 2347 336 2388 Fr.
373 2347 440 2395 17,
475 2347 514 2385 5.
562 2346 678 2386 Bene
725 2346 915 2386 correxit
961 2345 1139 2385 Dobree.
1175 2367 1226 2372 —
1271 2344 1344 2384 Vs.
1391 2345 1456 2383 10.
1499 2344 1564 2383 Bl.
1612 2342 1830 2392 improbat
1870 2342 2023 2381 Kockii

327 2413 624 2453 coniecturam
669 2413 914 2463 τιθύμαλλον
955 2414 1130 2462 propter
1168 2409 1422 2463 προσεγχέας,
1467 2421 1543 2460 pro
1586 2420 1669 2458 quo
1710 2410 1802 2458 ipse
1843 2407 2023 2460 ἐπεγχέας

328 2480 534 2530 postulat.
571 2480 676 2520 Mihi
703 2490 837 2520 sanus
869 2490 1023 2520 versus
1055 2480 1240 2519 videtur.
1275 2501 1328 2507 —
1366 2478 1440 2518 Vs.
1472 2479 1538 2517 13.
1576 2477 1692 2516 Libri
1734 2487 1854 2527 σφοιη
1883 2476 2023 2523 δεῖξον.

328 2547 512 2587 Dindorf
547 2546 751 2598 σπόδησον
781 2547 924 2587 lenius
957 2557 1088 2595 quam
1117 2546 1279 2595 aptiuS,
1308 2544 1467 2585 melius
1498 2543 1721 2595 πρόδευσον
1753 2544 1892 2593 Kock,
1926 2542 2024 2592 σφό-

329 2614 753 2667 δρωσον,σφύδωσον,
779 2613 1011 2665 σφόδρυνον
1044 2613 1273 2653 Headlam.
1306 2613 1356 2651 In
1388 2612 1457 2651 his
1489 2612 1597 2650 mihi
1624 2609 1799 2660 quidem
1828 2611 2023 2650 maxime

329 2682 472 2732 placet
502 2682 656 2722 Kockii
688 2682 951 2722 coniectura.

271 2750 340 2790 Fr.
377 2750 444 2800 18,
479 2749 519 2789 2.
1256 2745 1360 2786 ἔστιν
1393 2745 1510 2785 ἔνδον
1542 2742 1613 2793 ὀξύ
1645 2756 1728 2791 σοις

583 2817 625 2855 Β.
657 2814 1035 2866 ὑπολαμβάνω,
1065 2813 1373 2866 παιδάριον,
1404 2811 1533 2852 ὀπὸν
1565 2811 1795 2862 εἰλήφαμεν.

329 2884 462 2924 Recte
494 2883 615 2923 Kock
645 2893 700 2923 ex
730 2881 946 2932 παιδάριον
978 2882 1178 2921 elicuisse
1210 2882 1383 2921 videtur
1407 2878 1473 2918 καὶ
1498 2879 1682 2929 σίσαρον,
1711 2879 1788 2918 sed
1805 2878 1906 2926 quid
1929 2880 2023 2917 tum

331 2950 405 2990 fiet
437 2950 644 2990 vocabulo
670 2950 890 2999 sequenti,
918 2950 1029 2998 quod
1061 2946 1284 2995 ἀσυνδέτως
1317 2958 1400 2987 non
1433 2947 1575 2997 potuit
1602 2956 1701 2986 cum
1735 2944 1898 2996 σίσαρον
1930 2954 2024 2984 con·

331 3017 482 3066 iungi?
521 3016 609 3056 Nec
649 3017 750 3065 quid
791 3017 876 3056 sibi
926 3016 1030 3056 velit
1070 3016 1113 3055 in
1155 3025 1363 3065 responso
1404 3013 1674 3065 ὑπολαμβάνω
1718 3013 1943 3062 intellego,
1988 3011 2025 3049 si

332 3084 507 3132 quidem
532 3083 574 3123 id
602 3094 687 3123 non
713 3083 814 3123 licet
840 3084 904 3123 sic
935 3084 1173 3133 explicare,
1206 3084 1254 3122 ut
1285 3083 1343 3121 sit
1374 3083 1505 3131 puto
1537 3083 1615 3127 (ita
1646 3083 1757 3126 esse)
1786 3096 1839 3112 =
1863 3089 1932 3119 res
1966 3079 2026 3117 ita

333 3162 380 3191 se
413 3151 556 3191 habet.
583 3151 757 3200 Optime
789 3150 953 3190 dictum
981 3150 1111 3190 foret:

590 3219 632 3256 Β.
664 3216 730 3257 καὶ
762 3214 983 3264 τώξυτάτου
1015 3228 1068 3268 γε’
1099 3214 1165 3255 καὶ
1196 3215 1359 3264 σίσαρον
1390 3214 1606 3265 εἰλήφαμεν
