2216 3522
1112 222 1170 261 90

321 348 419 398 bus,
450 349 818 398 quemadmodum
851 350 1009 398 puteus
1035 331 1120 387 non
1153 346 1238 386 nisi
1270 346 1312 386 in
1345 356 1522 386 summa
1551 347 1751 387 siccitate
1781 345 1928 387 deficit
1952 346 2023 393 (cf.

320 415 544 456 Demosth.
578 416 678 456 XIV
710 417 766 456 30
798 414 985 455 ἐπιλείπει
1015 413 1062 454 τὰ
1093 412 1274 466 φρέατα).
1307 414 1446 463 Quam
1473 414 1770 454 coniecturam
1798 415 1950 454 tamen
1974 414 2025 454 ut

320 494 404 523 non
436 494 612 534 prorsus
645 484 782 524 abicio
815 484 877 524 ita
904 494 989 523 non
1019 482 1145 522 valde
1171 481 1450 531 commendo,
1479 491 1580 521 cum
1606 481 1721 531 quod
1747 479 2026 522 artificiosior

323 551 638 600 violentiorque
680 552 850 592 videtur
890 554 986 591 tum
1018 550 1132 599 quod
1165 559 1321 600 parum
1355 549 1396 589 ei
1428 549 1552 589 favet
1581 548 1740 595 aoristi¹
1765 559 1892 600 usus,
1924 557 2026 599 quo·

324 619 443 658 niam
484 617 525 658 ἐκ
556 624 626 658 τοῦ
657 619 911 670 παραλλήλου
943 620 1165 669 ponuntur
1206 627 1367 658 novem
1409 618 1656 667 praesentis
1690 617 1904 667 temporis
1934 614 2027 658 infl-

321 687 447 726 nitivi
480 697 578 726 cum
612 697 697 727 uno
729 688 892 727 aoristo
923 684 1141 733 ἀποπνῖξαι
1174 695 1238 725 νε.
1267 686 1307 735 5,
1340 685 1413 734 qui
1445 685 1594 725 nescio
1620 695 1676 725 an
1708 684 1753 724 in
1784 682 2025 738 ἀποπνίγειν

321 754 597 802 refingendus
637 755 710 794 sit.
753 755 815 795 Ob
858 754 1041 794 eandem
1088 763 1267 793 causam
1310 762 1396 792 non
1437 752 1587 792 dubito
1629 753 1731 802 quin
1762 762 1850 792 non
1880 749 2028 805 φρέαρ,

321 822 396 861 sed
417 820 589 868 ἐξελθεῖν
617 822 825 862 vitiosum
856 823 933 871 sit,
963 821 1047 861 nisi
1075 821 1186 861 forte
1212 820 1341 869 (quod
1357 830 1514 869 parum
1532 820 1770 870 probabile)
1793 821 2028 870 utrumque

323 888 580 929 vocabulum
618 889 743 929 cubet
785 890 829 929 in
871 889 1043 929 mendo.
1077 887 1452 938 Ingeniosioribus
1484 888 1618 937 igitur
1647 898 1741 929 rem
1773 887 2030 938 permittere

323 956 459 995 habeo
489 957 642 996 satius.

265 1025 330 1063 Fr.
368 1025 463 1074 196,
501 1025 537 1064 1.
585 1023 717 1079 κόλπῳ
764 1024 888 1064 malit
935 1023 999 1064 Bl.
1035 1045 1090 1053 —
1122 1022 1196 1063 Vs.
1232 1023 1272 1063 2.
1319 1022 1474 1072 φύντα·
1499 1022 1668 1073 Nauck,
1716 1022 1829 1072 quod
1869 1023 2026 1073 placet.

322 1091 442 1131 Idem
475 1093 594 1133 recte
625 1095 704 1138 (νε.
737 1093 780 1137 4)
805 1091 995 1141 praefert
1025 1090 1073 1131 οὐ
1100 1088 1337 1141 παρέουσιν,
1366 1090 1465 1131 coll.
1493 1092 1575 1131 Av.
1594 1091 1681 1131 688
1708 1093 1753 1131 et
1778 1090 2027 1131 Pherecrat.

327 1159 422 1208 152,
453 1159 491 1198 2.
514 1181 564 1187 -
594 1159 667 1199 Vs.
697 1161 736 1199 3.
763 1158 862 1198 κατὰ
888 1170 963 1209 pro
990 1159 1130 1209 priore
1157 1156 1224 1197 διὰ
1255 1158 1508 1208 scripserim
1537 1169 1637 1199 cum
1664 1158 1748 1209 BL,
1775 1159 1849 1208 qui
1877 1168 1942 1199 vs.
1974 1159 2027 1199 15

324 1227 510 1266 sortasse
541 1230 659 1267 recte
690 1227 756 1266 καὶ
788 1226 869 1278 μὴν
900 1225 1073 1279 ἀκριβῶς
1110 1223 1223 1279 <y‘>
1259 1228 1503 1277 proposuit,
1546 1226 1623 1268 sed
1666 1228 1834 1267 temere
1872 1236 1938 1267 vs.
1974 1227 2028 1267 18

322 1292 521 1346 διατρέφει
562 1305 639 1344 pro
678 1293 899 1347 περιφέρει,
940 1296 985 1335 in
1027 1305 1111 1344 quo
1149 1294 1257 1334 nihil
1292 1295 1645 1344 vituperandum.
1678 1317 1735 1322 —
1767 1294 1841 1335 Vs.
1875 1295 1945 1335 21.
1979 1294 2026 1335 Ιι.

322 1360 442 1414 ἀναγι
453 1373 510 1414 <y
519 1374 549 1402 >
560 1362 793 1411 νώσκοντος.

267 1431 332 1470 Fr.
370 1431 465 1480 199,
504 1432 540 1471 1.
1197 1428 1260 1469 ἐπὶ
1291 1434 1426 1481 κῶμον
1458 1430 1610 1470 δοκεῖ

675 1499 796 1550 ἴωμεν
828 1499 959 1551 ὥσπερ
991 1497 1139 1551 ἔχομεν.
1175 1499 1217 1536 Β.
1250 1496 1403 1538 οὐκοῦν
1435 1498 1540 1553 δᾷδα
1571 1496 1639 1537 καὶ

679 1574 902 1625 στεφάνους
933 1574 1136 1627 λαβόντες.
1173 1576 1388 1625 Χαιρεφῶν
1419 1573 1546 1621 οὕτως
1576 1562 1658 1622 02¹4

678 1642 885 1694 μεμάθηκε
918 1642 1112 1694 κωμάζειν
1144 1639 1345 1689 ἄδειπνος.

326 1710 471 1749 Prima
516 1710 649 1750 verba
688 1721 798 1751 sana
838 1722 936 1751 esse
978 1711 1236 1760 neutiquam
1268 1709 1379 1750 mihi
1416 1710 1680 1759 persuadent
1712 1710 1797 1751 loci
1827 1709 1975 1751 collati
2004 1719 2032 1750 a

325 1777 507 1827 Kockio,
542 1778 613 1818 ubi
645 1781 872 1828 praeterea
902 1781 971 1819 est
1002 1778 1155 1818 δοκεῖ
1179 1792 1276 1829 μοι.
1309 1778 1574 1818 Rectissime
1604 1778 1806 1819 Dindorf:

1096 1844 1160 1885 ἐπὶ
1190 1851 1347 1896 κῶμον,
1384 1844 1495 1888 <εἰ>
1533 1845 1660 1896 δοκεῖ,

326 1911 418 1962 uti,
452 1913 479 1953 i.
508 1924 543 1954 e.
578 1914 689 1954 nisi
722 1914 896 1954 aliter
927 1915 1034 1954 tibi
1067 1914 1307 1954 videtur.
1333 1936 1381 1942 —
1407 1913 1480 1954 Vs.
1501 1914 1540 1954 2.
1569 1914 1776 1955 Fortasse
1806 1910 2028 1954 οὔκουν-

325 1979 535 2032 λαβόντες;
575 1982 660 2021 nisi
702 1982 814 2022 forte
850 1982 1073 2032 probanda
1106 1981 1328 2031 Blaydesii
1360 1981 1614 2021 coniectura
1639 1980 1792 2022 οὐκοῦν
1825 2003 1879 2011 -
1905 1980 2034 2034 λάβω·

327 2062 411 2096 μεν,
435 2050 536 2097 quia
566 2049 811 2098 quaestioni
843 2060 930 2089 non
963 2050 1291 2100 respondeatur,
1324 2049 1363 2088 si
1389 2048 1522 2089 verba
1546 2059 1639 2099 sqq.
1666 2050 1798 2100 priori
1822 2059 2033 2100 personae

328 2116 555 2156 tribuenda
600 2127 697 2157 esse
732 2119 847 2157 recte
893 2118 1104 2158 iudicavit
1143 2117 1283 2166 Kock;
1332 2117 1445 2166 quod
1488 2119 1639 2158 tamen
1685 2117 1859 2158 videtur
1898 2117 2033 2157 incer·

330 2184 566 2223 tissimum.
619 2185 841 2224 Lacunam
902 2186 966 2225 Bl.
1014 2185 1163 2234 explet
1211 2185 1368 2225 vocula
1412 2184 1529 2237 ταχύ,
1584 2185 1696 2234 quod
1744 2194 1830 2225 non
1876 2183 2033 2234 placet.

330 2251 464 2291 Multa
495 2252 732 2301 excogitari
759 2263 888 2303 posse
918 2254 980 2293 ait
1020 2254 1093 2304 Κ.,
1127 2253 1237 2292 nihil
1269 2253 1361 2303 ipse
1388 2253 1659 2302 excogitans.
1702 2252 1806 2292 Mihi
1837 2252 1882 2292 in
1914 2261 2033 2292 men·

294 2308 303 2318 ’
330 2322 419 2359 tem
454 2320 596 2359 venit:

1102 2391 1320 2441 Χαιρεφῶν
1350 2413 1386 2432 ψ
1418 2387 1638 2430 mitond>
1675 2386 1750 2428 κτὲ.

330 2457 376 2493 ut
422 2455 596 2504 perierit
643 2456 859 2505 particula
899 2457 1045 2506 aliqua
1089 2454 1207 2507 (μὲνῗ
1246 2455 1381 2509 γάρῗ).
1423 2456 1506 2496 Sed
1548 2457 1651 2506 quia
1680 2454 1935 2507 imperfecta
1963 2456 2033 2496 est

328 2523 566 2570 sententia,
600 2523 706 2562 nihil
740 2524 846 2564 certi
879 2525 1097 2565 autumari
1129 2526 1287 2574 potest.

275 2590 337 2628 Fr.
374 2590 472 2638 202,
511 2591 546 2629 1.
585 2585 727 2632 <εἶτ’>
766 2590 807 2631 ἐν
855 2593 1005 2649 Κύπρῳ
1037 2589 1137 2644 δῆτ’
1182 2603 1258 2643 pro
1290 2593 1402 2633 miro
1432 2602 1540 2633 sane
1571 2591 1666 2643 φής.
1698 2591 1763 2632 Bl.
1796 2590 1841 2631 Si
1871 2599 2032 2631 sanum

331 2661 395 2696 est
418 2655 541 2705 εὼς
584 2658 664 2708 φής
706 2660 831 2708 (quod
875 2660 1019 2710 ipsum
1061 2661 1187 2701 salvo
1228 2662 1372 2700 metro
1413 2660 1544 2700 scribi
1586 2660 1748 2710 potuit,
1789 2658 1887 2699 coll.
1919 2658 2033 2698 crasi

332 2723 533 2780 ἐγῳχόμην
575 2727 701 2772 (ΕοοΙ.
746 2729 865 2778 550),
914 2739 994 2769 nec
1035 2731 1186 2769 tamen
1238 2729 1444 2778 requiro),
1488 2727 1577 2768 iam
1620 2730 1722 2767 ante
1763 2735 1950 2776 persona
1982 2726 2031 2767 B.

331 2793 502 2832 dixerat
546 2805 593 2834 se
641 2795 683 2834 in
716 2795 857 2846 Cypro
888 2796 1079 2846 degisse,
1127 2806 1261 2845 quare
1307 2795 1415 2835 nihil
1463 2796 1636 2835 mutare
1676 2791 1819 2835 'satius
1859 2794 1942 2834 est.
1977 2816 2029 2823 —

337 2860 404 2899 Vs.
449 2864 487 2900 9.
534 2862 594 2901 131.
636 2862 836 2918 πολυτίμῳ
877 2866 954 2903 aut
994 2863 1215 2912 πολυτίμου
1256 2874 1332 2913 pro
1373 2863 1550 2918 τοιούτῳ.
1580 2884 1632 2891 -
1666 2861 1740 2902 Vs.
1777 2862 1844 2902 10.
1875 2859 2033 2913 καρπὸν

335 2928 506 2977 Madvig
537 2933 671 2980 recte,
706 2933 755 2971 ut
797 2932 983 2972 videtur.
1018 2954 1064 2960 —
1106 2931 1179 2972 Vs.
1216 2933 1283 2972 12.
1324 2925 1409 2971 οἷαί
1446 2926 1474 2968 τ’
1517 2931 1611 2971 iure
1650 2931 1800 2970 tuetur
1830 2929 1914 2981 BL,
1955 2929 2033 2970 sed

336 3006 397 3034 vs.
447 2998 493 3034 14
540 3007 691 3045 parum
736 2998 1015 3047 probabiliter
1056 3001 1201 3041 tentat
1239 2997 1478 3051 ἀπίσχουσαι
1519 3000 1564 3038 et
1605 3007 1669 3038 vs.
1720 2997 1771 3038 17
1819 2997 2035 3038 inutiliter

334 3059 425 3111 μηδ’
461 3062 561 3114 ἄγαν
594 3065 763 3115 σκληρὸν
795 3069 839 3106 et
870 3067 1017 3116 peiora
1047 3066 1146 3107 alia.

278 3130 342 3169 Pr.
376 3132 473 3179 2204,
513 3134 547 3171 l.
595 3132 702 3172 Cum
752 3134 813 3174 131.
857 3134 988 3184 probo
1030 3134 1331 3175 Valckenaerii
1373 3134 1670 3175 coniecturam
1713 3132 1855 3186 γεγώς,
1884 3133 2033 3174 minus

335 3199 481 3237 tamen
515 3203 689 3249 propter
720 3202 959 3250 particulae
986 3200 1030 3241 δέ
1061 3206 1187 3252 (quae
1217 3205 1267 3243 ut
1300 3202 1552 3243 vocularum
1585 3200 1659 3254 γάρ
1690 3203 1736 3241 et
1766 3214 1804 3240 τε
1830 3200 2035 3242 omnibus

337 3266 475 3314 poetis
522 3267 693 3308 liberior
743 3273 825 3314 cst)
875 3270 1207 3311 collocationem
1247 3280 1380 3320 quam
1431 3268 1545 3319 quod
1595 3269 1676 3319 φύς
1726 3271 1796 3310 est
1840 3268 2034 3319 tragicae
