2216 3522
1058 235 1111 273 43

199 353 267 393 Fr.
301 355 401 395 365.
434 356 557 397 Idem
589 356 760 408 δαίμονα
787 356 794 409 1
822 352 870 408 ἧς
901 362 978 396 νῦν
1012 355 1034 396 ὁ
1065 357 1200 409 βωμὸς
1230 358 1380 411 θερμός
1411 357 1526 397 ἐστιν.

198 419 267 460 Fr.
299 421 399 462 366.
431 426 571 462 παῖσαι
602 425 681 470 (sic
711 427 805 474 ego)
832 427 932 474 post
957 425 1300 477 παραθραύσμασι
1325 425 1498 465 facilius
1525 424 1637 464 elabi
1663 425 1806 474 potuit
1827 435 1958 473 quam

258 488 412 535 παίζειν
444 491 608 538 (Kock).

199 547 294 595 Frs‘
307 556 407 607 376,
442 558 481 597 2.
508 558 572 597 Bl.
592 559 664 598 cst.
693 556 978 611 ἀπεριλάλητον
1004 562 1095 608 (pro
1123 570 1206 608 quo
1233 559 1348 600 male
1370 561 1515 599 tentat
1531 557 1705 605 ἀκαταλ.)
1731 559 1840 598 Ran.
1859 559 1958 598 839.

258 622 354 663 Vid.
387 624 501 664 infra
531 626 583 665 fr.
619 626 719 666 667.

198 690 267 730 Fr.
298 691 398 730 380.
450 693 802 743 „Praecesserat,
851 694 1015 744 opinor,
1064 693 1111 733 οὐ
1153 693 1207 745 μὴ
1249 705 1349 734 cum
1391 694 1502 734 subi.
1547 704 1635 734 aor.
1678 693 1822 742 aliquo
1864 703 1958 733 con-

258 757 505 800 iunctum.‘’
537 760 601 800 Bl.

197 824 266 865 Fr.
298 826 398 866 386.
432 825 749 879 μετεωρολέσχας.
786 827 1104 878 „Grammatici
1134 829 1276 868 menti
1309 829 1594 868 obversatum
1624 829 1798 868 videtur
1823 842 1961 878 μετεω-

257 900 505 944 ροσοφιστῶν
545 895 656 934 Nub.
689 895 772 934 361
817 896 895 934 aut
929 893 1277 946 μετεωροφένακας
1309 896 1440 935 332.”
1473 896 1604 935 Miror
1635 896 1743 935 haec
1774 895 1961 935 scribere

256 961 341 1012 Bl.,
390 962 463 1011 qui
507 963 559 1002 de
605 962 746 1002 altera
796 962 986 1002 Nubium
1035 963 1225 1003 editione
1272 973 1359 1003 non
1405 963 1684 1003 dubitaverit.
1741 962 1963 1002 Vocabulo

255 1028 421 1077 optime
451 1030 643 1069 formato
672 1029 717 1069 in
754 1030 940 1069 senariis
970 1030 1116 1070 locum
1148 1031 1367 1080 permittit
1398 1031 1606 1070 metrum.

197 1096 267 1136 Fr.
300 1097 400 1137 387.
435 1099 475 1138 3.
522 1098 657 1138 Recte
698 1096 796 1136 ἀστὺ
838 1109 915 1148 pro
958 1096 1108 1150 ἀγορὰν
1148 1099 1345 1148 postulat
1385 1098 1556 1148 Nauck,
1601 1098 1697 1137 coll.
1738 1097 1960 1137 Menandr.

259 1161 330 1214 97,
364 1165 389 1203 2
423 1167 467 1204 et
493 1165 686 1214 Alciphr.
715 1166 778 1204 III
811 1166 880 1215 70,
920 1167 940 1204 1
976 1169 1047 1211 (=
1075 1166 1222 1214 adesp.
1264 1166 1346 1205 133
1379 1166 1461 1211 Κ.).
1490 1187 1544 1194 -
1573 1165 1647 1204 Vs.
1680 1166 1720 1204 4.
1753 1164 1963 1213 Proposui

257 1232 475 1280 quondam
507 1232 728 1285 οἰκογενοῐν
761 1233 895 1284 βοοῖν,
935 1233 1065 1273 hodie
1097 1233 1253 1272 malim
1287 1233 1500 1284 οἰκογενῶν
1532 1233 1659 1284 βοῶν,
1694 1232 1795 1280 quia
1826 1232 1962 1283 ζεῦγος

257 1309 344 1339 non
374 1299 488 1339 solet
518 1310 619 1340 cum
652 1300 771 1340 duali
801 1300 923 1349 iungi
967 1300 1035 1346 (cf.
1069 1300 1135 1340 Bl.
1173 1300 1298 1340 Add.
1331 1310 1371 1349 p.
1405 1301 1521 1346 311).
1556 1321 1608 1327 —
1642 1299 1715 1339 Vs.
1745 1300 1784 1338 9.
1818 1298 1959 1337 Raris-

257 1366 372 1406 Simo
402 1377 486 1406 usu
522 1366 850 1418 πολυτίμητοι
882 1370 972 1416 (pro
1008 1367 1204 1417 πολύτιμα
1236 1367 1330 1406 Sive
1356 1366 1497 1416 τίμια),
1531 1368 1642 1416 quod
1671 1367 1754 1406 adi.
1781 1367 1960 1405 deorum

257 1434 482 1483 epitheton
523 1444 623 1474 esse
664 1435 789 1474 solet.
833 1434 1035 1474 Alterum
1076 1435 1190 1484 apud
1230 1434 1571 1483 Aristophanem
1609 1433 1863 1483 exemplum
1894 1434 1963 1472 est

257 1502 446 1542 Acharn.
481 1503 580 1553 760,
615 1503 688 1542 ubi
713 1502 1007 1551 Dicaeopolidi
1038 1502 1211 1550 roganti

584 1568 623 1608 τί
652 1565 686 1608 δ’
723 1567 818 1608 ἄλλο
853 1570 1060 1621 Μεγαροῐ;
1090 1574 1175 1615 πῶς
1207 1565 1228 1607 ὅ
1261 1571 1365 1615 σῖτος
1398 1567 1536 1615 ὤνιος;

260 1637 528 1687 Megarensis
559 1637 796 1687 respondet

587 1700 674 1756 παρ’
713 1702 786 1755 ἀμὶ
816 1699 1320 1758 πολυτίματος,’ᾆπερ
1351 1701 1410 1742 τοὶ
1440 1702 1542 1742 θεοί.

260 1771 332 1811 ubi
373 1773 555 1820 uterque
595 1782 703 1811 usus
744 1771 1036 1820 coniungitur.
1078 1770 1195 1820 Quae
1225 1772 1379 1810 tamen
1409 1770 1626 1819 peregrini
1656 1768 1789 1808 verba
1819 1768 1963 1807 locum

259 1839 460 1878 nostrum
493 1839 568 1878 vix
598 1839 710 1878 satis
741 1839 935 1889 tuentur,
969 1848 1103 1887 quare
1135 1838 1205 1877 hic
1236 1838 1426 1877 fortasse
1457 1837 1690 1886 legendum

585 1908 737 1958 τριταῖοι
775 1903 910 1947 <καὶ>
947 1905 1229 1956 πολύτιμα,
1260 1902 1592 1957 βεβασανισμένα.

201 1973 270 2013 Fr.
302 1973 401 2024 388,
437 1974 475 2013 2.
519 1967 544 2024 ἧ
586 1984 663 2023 pro
705 1971 769 2024 ἣν,
808 1973 860 2013 de
891 1974 1115 2012 structura
1151 1972 1271 2012 verbi
1303 1970 1462 2024 βλέπειν
1494 1982 1529 2011 c.
1563 1972 1664 2011 Acc.
1698 1981 1766 2020 ap.
1798 1969 1963 2008 Aristo·
2042 1984 2044 1986 ·

259 2041 450 2090 phanem
480 2041 705 2090 dubitanS‚
739 2041 926 2080 coniecit
957 2040 1185 2080 Richards.

202 2107 271 2147 Fr.
304 2108 404 2147 389.
439 2108 479 2148 2.
511 2104 616 2159 ἔξεχ’.
649 2108 712 2147 Bl.
747 2108 820 2148 cft.
854 2108 982 2156 Vesp.
1017 2109 1127 2156 771;
1160 2107 1284 2148 Dem.
1317 2118 1357 2156 p.
1394 2107 1520 2157 1071,
1556 2107 1595 2146 2.

203 2174 271 2214 Fr.
299 2175 398 2215 390.
431 2174 493 2214 Cf.
521 2175 624 2214 Lex.
654 2174 843 2214 Sabbait.
869 2185 907 2223 p.
929 2175 996 2224 20,
1017 2175 1042 2213 2
1069 2172 1135 2212 καὶ
1162 2173 1203 2213 τὸ
1230 2173 1538 2225 Ἀριστοφάνους
1565 2171 1608 2212 ἐν
1635 2171 1800 2223 Νήσοις·
1819 2167 1962 2209 ἀλλ’-

262 2240 338 2292 ὤν,
366 2243 463 2281 tum
505 2242 621 2282 male
657 2240 758 2294 λέγει
799 2239 841 2280 δὲ
880 2239 1019 2280 <καὶ>
1058 2239 1147 2293 περὶ
1188 2238 1263 2280 κτὲ.
1306 2243 1370 2287 (ut
1401 2241 1536 2281 schol.
1571 2240 1693 2286 Ven.)
1726 2240 1770 2279 et
1800 2238 1965 2278 rectius

260 2307 408 2360 κυρίως
443 2307 565 2349 <δέ>
601 2307 705 2347 ἐστιν
725 2306 830 2358 mg„
860 2308 937 2347 sed
968 2308 1117 2348 minus
1148 2308 1257 2348 bene
1289 2308 1444 2348 deinde
1476 2318 1562 2347 om.
1597 2306 1711 2346 οὕτω.

203 2376 272 2415 Fr.
305 2376 405 2416 395.
436 2375 601 2425 κύψασα
631 2375 748 2415 κάτω.
779 2375 844 2415 Β1.
878 2375 951 2415 cft.
985 2375 1113 2425 Vesp.
1143 2375 1242 2414 279.
1276 2376 1376 2414 349.

205 2443 274 2482 Fr.
307 2443 407 2493 409,
444 2443 480 2483 1.
513 2443 795 2493 λάπτοντα,
826 2443 1188 2494 μοιμύλλοντα
1221 2442 1262 2488 (i.
1281 2453 1317 2481 e.
1351 2441 1578 2492 θηλάζοντα
1605 2441 1724 2486 Hes.)
1757 2440 1863 2479 olim
1890 2448 1965 2488 pro

264 2509 462 2549 θάπτοντα
492 2512 582 2559 (pro
614 2509 893 2562 δαρδάπτοντα
924 2510 1123 2559 Porson),
1157 2509 1416 2559 μιστύλλοντα
1449 2508 1596 2554 (verba
1626 2518 1652 2547 a
1684 2507 1849 2547 comico
1881 2516 1965 2545 ser·

264 2587 395 2618 mone
441 2576 599 2627 aliena)
645 2578 863 2628 proposui.
904 2599 947 2605 —
986 2577 1282 2616 κνάπτοντα
1330 2576 1393 2615 Bl.
1438 2577 1482 2615 et
1523 2585 1588 2614 vs.
1624 2575 1648 2613 2
1693 2573 1739 2612 τὰ
1770 2583 1846 2622 pro
1877 2571 1968 2622 τὸν,

265 2654 375 2693 quae
406 2654 494 2684 non
526 2645 747 2694 intellego.
781 2644 842 2684 cf.
875 2644 1032 2684 Kockii
1065 2646 1183 2684 nota.

208 2712 276 2751 Fr.
309 2711 409 2751 414.
452 2711 657 2763 κοχλίαι
699 2712 782 2762 Β1.,
826 2711 922 2751 coll.
966 2711 1139 2760 Philyll.
1175 2711 1228 2751 27
1273 2712 1318 2750 et
1361 2709 1530 2750 Alexid.
1575 2709 1674 2758 299,
1709 2708 1748 2747 2.
1793 2707 1876 2746 Sed
1913 2706 1965 2746 cf.

268 2778 389 2818 Kock
421 2780 465 2818 et
496 2779 744 2827 Epicharmi
775 2779 827 2819 fr.
861 2779 916 2818 32
951 2779 1056 2818 Ahr.

209 2846 277 2886 Fr.
310 2847 410 2886 415.
447 2843 612 2888 <ἐσθ’>
647 2844 692 2898 ἢ,
722 2847 865 2887 deleto
897 2845 962 2885 καὶ
995 2846 1058 2886 Bl.
1092 2846 1202 2885 Male
1234 2846 1350 2884 idem
1383 2843 1466 2894 ἥτις
1494 2854 1570 2893 pro
1598 2841 1701 2889 ὅστις
1728 2842 1771 2881 in
1798 2842 1965 2881 fr.416-

209 2914 277 2954 Fr.
310 2914 411 2953 423.
444 2913 505 2954 De
535 2915 716 2963 spiritus
748 2913 1043 2963 discrepantia
1074 2914 1117 2952 in
1150 2912 1267 2963 ὕρχη,
1298 2910 1397 2962 ὕρχη
1430 2910 1493 2950 Bl.
1526 2910 1599 2950 cft.
1633 2909 1789 2959 ῧσκλος,
1815 2906 1967 2954 ὔσκλος.

209 2981 278 3021 Fr.
311 2982 410 3021 432.
443 2981 778 3033 κατεσημηνάμην
811 2981 880 3021 vel
910 2980 1255 3031 παρεσημηνάμην
1288 2979 1384 3018 vult
1416 2979 1545 3018 idem.

210 3050 278 3089 Fr.
313 3050 412 3089 433.
460 3049 602 3090 Naber
643 3045 825 3088 ἔσθειν
870 3051 1025 3095 (novae
1066 3047 1315 3087 comoediae
1357 3046 1553 3090 verbum)
1595 3054 1671 3093 pro
1718 3041 1848 3092 ἕψειν,
1893 3042 1968 3081 sed

270 3117 587 3166 Aristophanes
633 3116 826 3156 scribere
872 3115 1057 3155 debebat
1104 3113 1307 3153 ἐσθίειν
1357 3111 1506 3158 (ἔσθειν
1549 3111 1725 3151 adhibet
1765 3111 1807 3149 in
1843 3119 1971 3150 versu

270 3184 442 3223 heroico
474 3184 525 3224 fr.
561 3184 684 3233 693),
717 3192 850 3232 quare
882 3182 1031 3222 nescio
1064 3192 1118 3221 an
1151 3181 1297 3230 potius
1329 3178 1631 3228 corrigendum
1665 3178 1722 3217 sit

569 3251 736 3303 ἀτταγᾶς
768 3249 932 3301 ἥδιστόν
965 3247 1108 3288 ἔστιν
1141 3246 1184 3287 ἐν
1216 3246 1425 3293 ἐπινικίοις
1456 3244 1586 3298 κρέας.
