2216 3522
1116 205 1197 244 194

326 332 454 380 rupta
494 330 670 379 quidem
712 341 810 371 esse
851 332 1043 381 constat,
1089 340 1169 370 nec
1211 330 1249 370 si
1281 330 1525 379 constaret,
1557 323 1734 379 propter
1765 329 2033 378 paucitatem

326 398 550 438 emendari
584 400 778 448 possent.

268 466 335 506 Fr.
369 466 439 516 26,
479 468 543 506 11.
587 466 854 516 cogentibus
895 466 1094 507 numeris
1135 467 1266 516 poeta
1305 463 1371 505 καὶ
1413 462 1618 516 μαθητὰς,
1657 464 1770 514 quod
1802 465 1906 505 ante
1935 462 2035 515 πρὸς

326 532 395 572 τὸν
425 531 508 580 (τιν’
544 534 624 580 Bi.)
667 533 830 585 ἰδιώτην
869 527 972 584 ‘poni
1012 534 1240 583 debuerat,
1284 533 1532 584 postposuit
1561 532 1801 573 durissimo
1832 532 2036 582 quamvis

327 601 581 651 hyperbato.
613 624 665 630 —
690 602 763 642 Vs.
801 603 867 642 13.
901 599 1116 654 ἇπλήγιον,
1146 602 1243 643 coll.
1276 602 1425 652 Eupol.
1459 602 1528 651 23,
1563 611 1638 651 pro
1669 598 1868 652 ἀληθινὸν
1899 609 2036 650 aeque

327 668 562 718 probabilis
608 670 740 719 atque
785 669 1013 719 ingeniosa
1057 671 1126 710 est
1173 670 1326 710 Kockii
1372 669 1634 710 coniectura.
1677 668 1778 709 Sine
1819 677 1953 709 causa
1990 666 2036 707 in

326 736 583 790 παραβάλλῃς
615 737 760 777 haesit
790 737 869 788 Bl.‚
902 739 976 787 qui
1010 748 1073 778 vs.
1108 738 1163 778 22
1197 738 1386 778 fortasse
1417 739 1536 777 recte
1566 736 1749 786 requirit
1774 733 2036 788 ἀναστροφαί.

270 804 336 843 Fr.
371 805 440 854 27,
478 804 544 844 10.
741 809 873 855 τηρῶν
907 800 990 844 ποτ’
1026 803 1090 844 ἐπὶ
1122 804 1190 852 τὰς
1222 807 1352 856 χεῖρας
1385 803 1484 844 οἴσει
1516 818 1582 851 τις.

327 871 508 921 Propter
552 871 770 911 scribendi
814 882 945 912 usum
989 871 1124 913 Cobet
1164 872 1414 922 requirebat
1453 877 1584 923 τηρῶν
1616 868 1734 910 ὁπότε
1763 868 1863 910 κατὰ
1892 868 2040 922 χειρός,

326 940 403 979 sed
434 939 709 988 tribrachyos
740 950 841 980 cum
867 941 1106 991 anapaesto
1134 941 1490 981 coniunctionem
1515 940 1662 980 nescio
1685 948 1741 979 an
1764 940 1882 979 recte
1907 937 2035 978 addu-

328 1006 439 1046 bitet
464 1007 598 1047 Kock.
638 1005 764 1047 Haud
795 1017 903 1047 sane
935 1008 1095 1048 melius
1126 1008 1191 1048 Bi.
1225 1007 1317 1046 πότε
1350 1023 1399 1046 κα
1420 1005 1426 1059 Ι
1446 1005 1492 1046 τὰ
1522 1006 1668 1058 χειρός,
1709 1005 1852 1055 qualis
1883 1004 2036 1047 tribra-

329 1074 464 1123 chyos
506 1074 660 1114 incisio
702 1074 746 1114 in
787 1074 929 1125 primo
969 1076 1144 1115 tantum
1186 1075 1348 1115 senarii
1389 1075 1495 1125 pede
1526 1073 1727 1124 legitima
1757 1074 1845 1126 est,
1876 1073 1962 1113 nisi
1991 1072 2037 1113 in

330 1142 555 1182 vocabulis
596 1142 819 1182 artissime
859 1143 1036 1183 iunctis.
1071 1143 1356 1185 scribendum
1383 1142 1582 1192 suspicor
1611 1146 1741 1193 τηρῶν
1773 1140 1867 1180 πότε
1901 1138 2033 1192 <δὴ>

329 1208 428 1247 κατὰ
468 1208 595 1261 χειρὸς
637 1209 735 1249 οἴσει
766 1224 835 1257 τις.
872 1231 921 1237 -
958 1210 1077 1260 Quod
1109 1210 1173 1250 Bl.
1208 1221 1271 1251 VS.
1306 1211 1332 1250 9
1366 1208 1647 1260 ἐκφυσώμενος
1677 1219 1754 1259 pro
1784 1205 2038 1260 ἐκλελυμένος

329 1278 553 1326 proposuit
582 1287 788 1327 graecum
816 1287 902 1317 non
930 1279 999 1317 est
1023 1288 1100 1328 pro
1127 1276 1466 1329 ἐκπεφυσημένος.
1494 1277 1737 1327 Aptissime
1753 1273 2038 1326 ἐκκεκαυμένος

330 1345 517 1385 coniecit
547 1344 698 1387 Cobet.

272 1411 339 1451 Fr.
374 1412 442 1463 28,
478 1413 517 1452 2.
641 1412 712 1452 σὺ
743 1409 816 1463 μὲν
847 1410 1050 1460 ἀττικίζεις
1083 1408 1182 1464 ἡνίκ’
1219 1411 1270 1452 ἂν
1302 1411 1487 1464 φωνὴν
1518 1410 1672 1467 λέγῃς

658 1479 823 1520 αὐτοῦ
857 1478 1018 1530 τινές,
1047 1480 1090 1520 οἱ
1118 1477 1154 1520 δ’
1178 1478 1372 1532 ’Έλληνες
1404 1478 1667 1531 ἕλληνίζομεν.

332 1547 454 1588 Kock
493 1546 664 1598 αὐτῖειν,
704 1549 767 1589 Bl.
806 1547 878 1599 τὴν
912 1544 1059 1587 Ἀτθίδ’
1094 1550 1433 1599 proposuerunt,
1475 1548 1553 1588 sed
1584 1547 1662 1588 vix
1690 1555 1896 1597 graecum
1930 1545 2040 1586 mihi

333 1616 506 1656 videtur
537 1614 682 1666 φωνὴν
713 1616 840 1668 λέγειν
872 1615 960 1655 τινά
991 1626 1068 1666 pro
1100 1623 1219 1672 φωνῇ
1251 1631 1328 1656 τινι
1358 1619 1547 1668 χρῆσθαι.
1579 1613 1903 1666 Expectabam:

1227 1680 1326 1735 ἡνίκ’
1363 1681 1414 1723 ἂν
1445 1689 1593 1739 φωνῇ
1623 1681 1738 1737 λέγῃς

608 1757 663 1803 τῆ
695 1758 754 1808 σῇ
784 1767 840 1803 τι,
870 1751 945 1792 urg.

337 1822 414 1859 aut
1228 1817 1327 1872 ἡνίκ’
1363 1818 1414 1859 ἂν
1446 1818 1591 1870 φωνὴν
1624 1817 1704 1874 ἴῃς
1735 1815 1764 1865 ¹)

601 1885 689 1938 τὴν
722 1884 926 1939 Ἀτθίδ’,

334 1957 411 1994 aut
442 1955 626 2004 denique
1223 1952 1321 2007 ἡνίκ’
1358 1953 1408 1994 ἂν
1454 1953 1569 2007 λέγηθ’
1605 1953 1780 2002 <gnos-³·

601 2028 699 2061 τῶν
731 2019 927 2074 αὐτόθ’,

335 2090 524 2130 Videant
555 2090 651 2130 alii!

276 2158 345 2197 Fr.
380 2159 449 2198 29.
483 2156 574 2197 ναοὶ
607 2155 704 2212 (ναῲ
738 2158 951 2209 Meineke,
985 2155 1104 2214 νεῴῗ)
1136 2154 1204 2199 δύ’
1240 2156 1313 2198 εἰσὶ
1344 2156 1410 2198 καὶ
1441 2157 1555 2208 στοά,
1583 2156 1651 2197 καὶ
1681 2155 1915 2209 τοῦνομα

633 2223 699 2264 καὶ
730 2223 772 2264 τὸ
804 2226 1037 2277 βαλανεῖον,
1067 2224 1135 2265 καὶ
1165 2225 1208 2266 τὸ
1240 2226 1436 2279 Σαράβου
1467 2223 1599 2275 κλέος,

631 2292 674 2333 τὸ
706 2292 809 2332 πολὺ
841 2290 913 2344 μὲν
945 2292 1088 2345 ἀκτή,
1119 2297 1199 2342 τοῖς
1231 2290 1268 2334 δ’
1297 2290 1569 2345 Ἐλευθερίοις
1599 2292 1724 2340 πόλις.

333 2361 531 2410 Speciem
558 2361 690 2401 habet
708 2371 772 2401 vs.
792 2362 817 2401 8
846 2358 1002 2402 Kockii
1021 2362 1273 2403 coniectura
1298 2360 1427 2415 ἀργὴ
1456 2364 1531 2408 (sc.
1549 2364 1632 2413 γῆ),
1660 2361 1774 2410 quod
1791 2360 1876 2402 dici
1892 2360 2044 2410 nequit

335 2428 387 2467 de
419 2428 639 2477 Blaydesii
670 2429 990 2469 tentaminibus
1021 2427 1085 2468 καὶ
1118 2428 1217 2481 πρὸς
1249 2428 1374 2483 ἀγορὰ
1407 2429 1476 2470 vel
1502 2424 1592 2483 κᾷθ’
1628 2426 1772 2481 ἀγορά,
1801 2439 1912 2478 quae
1942 2439 2043 2470 cum

335 2496 498 2536 tradita
527 2497 745 2545 scriptura
776 2497 853 2536 vix
884 2496 1081 2537 litteram
1115 2507 1396 2548 communem
1429 2497 1607 2537 habent.
1640 2497 1689 2536 In
1721 2497 1862 2547 primo
1893 2498 2042 2538 autem

338 2573 468 2603 versu
500 2573 576 2613 pro
608 2561 785 2614 τοῦνομα
817 2565 895 2604 aut
926 2565 1038 2614 quod
1071 2564 1180 2605 latet
1211 2575 1298 2605 non
1337 2565 1506 2615 repperi
1547 2565 1623 2604 aut
1663 2564 1747 2605 fuit
1782 2564 2043 2616 βούνομα,

338 2641 564 2680 pascua,
608 2631 719 2680 quod
753 2631 946 2671 Plataeis
978 2632 1073 2672 loco
1105 2632 1187 2672 hac
1219 2634 1365 2672 aetate
1411 2641 1548 2682 paene
1594 2631 1787 2682 deserto,
1835 2631 1978 2682 qualis
2017 2642 2044 2673 a

338 2701 466 2747 poeta
505 2698 777 2748 describitur,
812 2699 918 2738 mibi
953 2699 1129 2748 quidem
1161 2700 1442 2749 aptissimum
1476 2699 1647 2739 videtur
1671 2701 1716 2740 et
1742 2699 1921 2749 pulchre
1946 2709 2043 2740 con-

338 2767 476 2815 spirat
509 2776 609 2806 cum
641 2764 792 2817 ἀργή,
822 2767 859 2805 si
894 2777 998 2806 vera
1028 2769 1114 2816 est,
1150 2769 1199 2807 ut
1229 2767 1440 2817 suspicor,
1475 2777 1527 2807 ea
1558 2767 1820 2807 coniectura.

283 2834 347 2872 Fr.
381 2834 451 2882 30,
486 2834 525 2873 2.
560 2831 621 2872 ἀεὶ
652 2844 730 2884 pro
761 2833 882 2872 πάλιν
915 2836 1083 2874 temere
1115 2834 1178 2874 Bl.

282 2901 347 2941 Fr.
382 2902 450 2940 30.
500 2900 861 2942 Narratiunculae
901 2901 1089 2941 formam
1133 2902 1204 2942 hic
1244 2901 1386 2942 induit
1426 2901 1634 2951 cogitatio
1665 2911 1777 2951 quae
1807 2902 1925 2943 inest
1949 2911 2043 2952 pro·

340 2968 485 3008 verbio
518 2969 750 3008 vernaculo
786 2968 872 3019 „De
905 2968 1080 3009 kleeren
1114 2969 1272 3009 maken
1304 2969 1388 3010 den
1419 2969 1566 3009 man”.

281 3035 346 3075 Fr.
381 3037 450 3075 34.
486 3037 582 3075 Iure
615 3036 762 3076 Nauck
794 3035 946 3076 Kockii
980 3036 1277 3077 coniecturam
1313 3035 1506 3087 λιψουρὸς
1542 3034 1697 3084 ἀτόπως
1733 3038 1862 3077 vocat
1890 3036 2044 3088 ‚mehr

327 3196 353 3239 ¹)
378 3199 443 3229 Sed
475 3203 674 3240 suspectum
700 3204 754 3230 est
785 3201 888 3231 breve
914 3201 999 3239 iota,
1031 3201 1123 3240 quod
1156 3205 1271 3232 tamen
1295 3200 1434 3233 defendi
1461 3205 1575 3241 pou-ut
1598 3199 1771 3232 etr-ionis
1794 3201 1835 3232 rr.
1862 3202 1892 3236 1.
1916 3201 1955 3238 ³,
1978 3197 2045 3232 nini

283 3252 369 3281 forto
394 3251 441 3282 ibi
467 3262 543 3282 cum
573 3252 621 3283 ni.
648 3260 710 3292 pro
732 3251 854 3292 συνίημι
882 3252 1066 3291 lugendum
1093 3257 1142 3283 esi
1169 3259 1296 3292 συνῆκα.
