2216 3522
1064 178 1146 218 168

282 304 355 344 cst.
387 303 602 354 Theophr.
635 303 761 344 Char.
794 304 894 344 XVI
925 301 1001 343 κᾶν
1032 306 1200 356 γλαῦκες
1231 301 1524 355 ἀνακράγωσιν.
1554 325 1604 332 -
1634 302 1708 343 VS.
1737 304 1803 343 13.
1830 301 1986 351 φθόνοι

280 382 358 421 pro
390 370 505 422 νόμοι
536 371 815 421 probabiliter
846 373 891 412 F.
910 372 953 412 C.
973 371 1193 419 Schmidt;
1226 370 1369 421 φόβοι,
1393 372 1506 420 quod
1533 370 1735 423 proponit
1760 370 1840 419 BL,
1869 369 1987 410 male

281 439 523 479 abundaret
553 440 652 488 post
681 436 860 491 ἀγωνιάι.
892 438 1147 489 Suspicione
1188 438 1377 479 sortasse
1418 449 1504 479 non
1546 438 1674 489 plane
1705 440 1825 478 caret
1855 437 1988 487 δόξαι,

281 506 355 546 sed
389 507 463 546 vix
496 507 699 555 cuiquam
731 506 1013 556 persuadebit
1038 506 1104 546 Bl.
1130 506 1173 546 id
1201 508 1451 556 corruptum
1481 517 1581 547 esse
1607 517 1663 547 ex
1689 505 1853 557 φθόνοι.
1880 505 1988 546 Vide

283 583 388 612 num
422 573 731 623 explicandum
763 575 821 614 sit
856 584 1032 614 vanae
1064 584 1248 614 rerum
1280 574 1518 624 species.

224 641 290 680 Fr.
323 643 422 690 535,
457 642 496 680 2.
545 640 654 681 Cum
701 642 957 682 Richardsio
1004 641 1158 681 malim
1208 640 1307 692 πρὸς
1348 644 1432 688 ταῖς
1474 640 1631 690 πέτραις
1672 641 1874 693 γράφουσι
1916 638 1987 680 τὸν

283 706 525 758 Προμηθέα,
555 710 627 757 qui
661 709 924 749 modulatior
957 718 1110 749 versus
1142 710 1224 748 est.
1252 731 1303 737 -
1335 708 1407 748 Vs.
1442 710 1482 749 3.
1525 710 1639 759 Lege
1670 704 1912 762 γί<γ>νετῖ
1931 730 1985 737 -

282 775 355 815 νε.
389 777 429 815 4.
463 776 695 825 Perperam
728 777 791 816 Bl.
825 775 948 815 αὑτὸν
980 773 1022 815 δὲ
1054 778 1194 827 μισεῖν.
1228 776 1391 816 Sanum
1426 779 1496 816 est
1526 777 1639 826 quod
1680 776 1897 827 vulgatur.
1929 797 1986 804 —

283 842 356 883 Vs.
400 845 439 883 6.
484 844 564 883 Pro
600 842 721 891 ἔθνος
761 844 911 884 Nauck
944 844 1014 884 bic
1046 846 1090 884 et
1123 844 1362 894 Antiphan.
1395 845 1448 885 fr.
1487 846 1584 894 159,
1617 845 1667 884 11
1705 842 1819 897 γένος
1849 843 1987 893 requi·

281 911 350 950 rit.
385 933 434 938 —
463 912 535 951 Vs.
569 913 595 951 6
627 922 691 961 sq.
726 922 870 952 meam
902 912 1222 962 coniecturam,
1250 922 1361 961 quae
1393 912 1624 962 Blaydesio
1656 922 1742 952 non
1773 911 1987 962 displicet,

282 981 434 1028 postea
465 980 656 1029 defendi,
686 980 943 1030 impugnata
974 980 1217 1030 Kockiana,
1251 981 1294 1020 in
1323 990 1409 1029 qua
1434 980 1595 1030 λάθριοι
1622 982 1667 1020 et
1697 978 1820 1018 κακαί
1842 979 1992 1029 inepta

282 1046 551 1086 abundantia
576 1047 778 1087 dicuntur
795 1046 1022 1099 ἐπιβουλαὶ,
1038 1049 1197 1098 quippe
1214 1058 1325 1097 quae
1346 1050 1502 1098 suapte
1518 1050 1679 1087 natura
1695 1046 1994 1088 clandestinae

282 1116 326 1154 et
352 1114 497 1155 malae
528 1115 631 1155 sint.
664 1114 825 1156 Contra
857 1116 1022 1156 tradita
1051 1116 1181 1156 lectio
1208 1114 1421 1166 ἐπιθυμίαι
1451 1115 1591 1164 κακαί,
1614 1115 1772 1164 quibus
1796 1113 1994 1164 indulget

282 1192 405 1231 uxor,
450 1183 685 1223 manifeste
726 1193 837 1223 sana
876 1186 958 1224 est.
995 1206 1046 1210 —
1081 1183 1157 1224 Vs.
1201 1183 1242 1224 8.
1285 1183 1523 1233 Eleganter
1563 1182 1711 1223 Nauck
1743 1180 1922 1237 γαμηλίῳ
1952 1193 1993 1220 τε

280 1249 416 1301 μοιχὸς
457 1249 666 1302 ἐντρυφῶν
702 1250 811 1303 λέχει.
844 1252 994 1292 Possis
1025 1252 1161 1292 etiam
1192 1249 1290 1303 λέχει
1320 1265 1359 1290 τε
1389 1250 1526 1303 μοιχὸς
1562 1249 1770 1301 ἐντρυφῶν
1799 1247 1991 1304 γαμηλίῳ.

282 1318 397 1357 Nihil
430 1320 580 1359 tamen
614 1329 778 1359 novare
810 1320 970 1360 ausim.
990 1342 1042 1347 ——
1071 1319 1144 1359 Vs.
1183 1320 1249 1359 10.
1282 1318 1441 1369 φθόνος
1472 1329 1559 1359 non
1590 1318 1858 1370 mutaverim
1889 1325 1989 1357 curn

282 1385 447 1426 Kockio
480 1386 524 1425 in
555 1386 703 1438 φόβος,
733 1387 874 1427 multo
906 1388 1024 1427 enim
1057 1387 1238 1437 gravius
1269 1386 1431 1426 marito
1457 1388 1527 1426 est
1552 1385 1704 1425 uxoris
1727 1384 1992 1424 invidiosum

283 1463 413 1501 quam
460 1450 796 1494 formidolosum
838 1455 1087 1505 ingenium,
1131 1465 1212 1495 nec
1254 1454 1575 1504 neglegendum
1608 1454 1677 1493 est
1707 1452 1816 1492 haec
1844 1450 1994 1492 omnia

282 1521 423 1561 dicere
455 1532 628 1561 osorem
661 1522 912 1563 mulierum.

228 1588 295 1627 Fr.
330 1589 431 1638 536,
466 1591 506 1629 5.
551 1588 775 1641 ἕξέρριψεν,
815 1590 908 1630 scil.
952 1595 1020 1640 τῆς
1063 1590 1161 1637 νεώς
1193 1590 1263 1630 vel
1295 1588 1367 1640 τὴν
1397 1595 1501 1629 ναῦν
1532 1588 1587 1646 εἰς
1618 1586 1691 1638 τὴν
1721 1591 1797 1639 γῆν
1828 1586 1994 1626 frustra

282 1657 474 1705 explicat
499 1657 637 1707 Kock,
671 1667 774 1697 nam
802 1658 854 1698 de
879 1657 1086 1707 periculis
1112 1657 1351 1698 maritimis
1377 1657 1523 1707 agitur
1543 1656 1723 1696 demum
1750 1653 1793 1693 in
1811 1663 1991 1703 sequen·

283 1724 414 1764 tibus,
458 1724 598 1774 Quare
640 1735 750 1774 quae
790 1726 996 1775 proposui
1037 1725 1145 1765 olim
1187 1725 1383 1765 nondum
1427 1724 1620 1774 repudio.
1654 1746 1706 1753 -
1746 1722 1815 1763 Vs.
1849 1723 1890 1763 6.
1916 1717 1994 1761 ’στι

283 1791 456 1842 κλυσμός
490 1793 553 1832 Bl.
587 1793 682 1833 Non
716 1794 841 1834 video
874 1794 1204 1834 necessitatem.

225 1861 291 1900 Fr.
310 1861 409 1909 537,
435 1863 469 1901 1.
490 1861 745 1901 Necessaria
770 1864 839 1901 est
863 1861 1047 1901 Dobraei
1073 1862 1301 1912 correctio,
1321 1861 1504 1911 probata
1520 1860 1654 1901 etiam
1673 1859 1918 1910 Blaydesio.
1943 1879 1992 1886 —

280 1929 354 1968 Vs.
389 1930 428 1968 8.
477 1929 662 1967 δικασταί
695 1929 1004 1980 depravatum,
1055 1930 1132 1969 sed
1175 1930 1343 1970 incerta
1384 1929 1619 1977 correctio;
1662 1929 1756 1978 ipse
1797 1926 1997 1978 suspicor

282 1996 411 2045 φίλοι,
436 1992 476 2035 ’ν
508 1996 708 2036 δίκαισι
740 1996 933 2048 μάρτυρες
966 1997 1115 2047 potius
1148 2007 1279 2046 quam
1313 1997 1443 2048 φίλοι,
1473 1999 1750 2050 γυναῖκες,
1777 1994 1994 2047 μάρτυρες,

282 2066 359 2103 aut
390 2066 432 2103 et
464 2074 595 2112 quam
627 2068 743 2110 (cum
777 2065 957 2111 Kockio)
989 2068 1267 2104 θιασῶται.

224 2132 290 2171 Fr.
325 2132 424 2171 538.
474 2132 566 2171 Non
608 2133 830 2172 Menandri
871 2143 990 2187 esse,
1033 2134 1109 2174 sed
1142 2133 1297 2183 tragici
1340 2135 1418 2173 aut
1455 2133 1722 2182 tragicorum
1755 2131 1994 2172 imitatoris

283 2199 398 2239 hunc
438 2199 581 2239 locum
625 2201 730 2240 olim
767 2201 904 2240 statui
938 2203 983 2241 et
1014 2201 1142 2241 hodie
1174 2201 1313 2241 habeo
1345 2201 1712 2250 persuassimum.
1746 2199 1850 2250 Quis
1883 2209 1923 2239 v.
1955 2209 1992 2239 c.

283 2267 477 2307 comicus
519 2268 599 2308 hoc
635 2278 767 2308 sensu
801 2270 1034 2319 usurpavit
1066 2269 1250 2309 verbum
1282 2267 1501 2319 ἐπαρκεῖνῖ
1534 2268 1702 2308 Mecum
1734 2266 1861 2318 μόρον
1890 2265 1992 2306 scri-

282 2334 471 2374 bendum
519 2337 645 2385 putat
690 2337 754 2376 Bl.
798 2338 875 2376 aut
921 2339 1081 2386 θανεῖν,
1122 2338 1235 2386 quod
1277 2347 1362 2386 quo
1404 2339 1532 2386 pacto
1572 2336 1617 2375 in
1658 2334 1799 2387 χρόνος
1830 2333 1994 2374 mutari

283 2403 474 2450 potuerit
515 2413 601 2443 non
644 2405 821 2452 exputo.
866 2405 1013 2445 Possit
1054 2405 1190 2444 etiam
1234 2404 1417 2454 cogitari
1460 2404 1512 2444 de
1544 2402 1718 2454 φθόρον.
1750 2402 1795 2442 Si
1825 2401 1994 2451 antiqui

283 2472 436 2519 poetae
470 2481 624 2511 versus
655 2474 778 2521 sunt,
814 2482 878 2512 vs.
912 2474 938 2511 9
971 2472 1145 2522 legatur
1176 2471 1468 2525 γί<γ>νωσκε.

228 2538 292 2576 Fr.
326 2538 425 2586 539,
464 2539 500 2578 1.
544 2538 658 2578 Olim
702 2539 946 2588 improbavi
988 2539 1143 2579 Kockii
1181 2541 1480 2579 coniecturam
1513 2536 1747 2585 παιδευθεὶς
1779 2547 1855 2587 pro
1885 2546 1994 2578 sano

284 2604 520 2654 βουληθείς,
560 2615 640 2645 nec
681 2605 809 2646 aliter
850 2606 1015 2646 iudicat
1046 2606 1131 2656 Bl.,
1174 2607 1248 2656 qui
1291 2608 1411 2646 recte
1443 2605 1778 2656 animadvertit,
1816 2605 1880 2645 ita
1906 2614 1993 2645 non

283 2683 392 2721 opus
423 2674 559 2713 fuisse
591 2673 806 2723 particula
837 2671 899 2712 ἄν.
932 2674 1014 2714 Cft.
1049 2685 1159 2715 com.
1192 2685 1321 2715 anon.
1356 2673 1414 2713 1v
1447 2675 1547 2714 689.
1581 2697 1629 2703 -
1666 2674 1739 2714 νε.
1769 2675 1810 2714 4.
1838 2671 1999 2726 ὑγιανεῖ

285 2741 530 2781 rectissime
562 2741 788 2782 Richards.
822 2741 884 2782 Cf.
919 2743 1055 2782 etiam
1087 2741 1304 2793 λυπήσεται
1336 2753 1400 2782 vs.
1435 2746 1475 2782 6.

228 2808 293 2847 Fr.
330 2809 429 2857 540,
464 2813 503 2847 6.
539 2809 602 2849 Bl.
636 2807 851 2849 κάσθενεῖν
883 2808 944 2849 ἀεὶ
975 2813 1087 2850 ποιεῖ
1114 2810 1193 2860 Bl.,
1228 2810 1467 2850 violentius
1498 2820 1630 2859 quam
1664 2809 1799 2849 Kock.

227 2876 292 2914 Fr.
327 2877 426 2924 541,
462 2878 500 2915 2.
547 2877 888 2927 „corrigendum
932 2877 1080 2928 procul
1123 2877 1253 2919 dubio
1270 2879 1313 2924 (l)
1353 2878 1588 2929 φλυαρεῖς”.
1633 2878 1696 2918 Bl.
1740 2877 1866 2918 Haud
1903 2876 1993 2917 vidi

285 2943 448 2991 magis!
472 2966 522 2970 —
546 2944 616 2984 Vs.
639 2948 676 2986 7.
708 2945 828 2985 Idem
856 2945 990 2997 καιρία
1013 2942 1115 2985 ’στιν
1142 2942 1168 2997 ἡ
1195 2946 1314 2993 νόσος
1342 2941 1348 2998 Ι
1375 2950 1526 2998 ψυχῆς,
1554 2946 1741 2986 haerens
1767 2948 1918 2986 tamen
1947 2945 1991 2985 in

285 3017 417 3062 ψυχῆς
457 3014 596 3061 posito
638 3015 732 3054 sine
774 3014 972 3055 articulo.
1016 3014 1133 3065 Quae
1173 3013 1412 3055 difficultas
1452 3016 1735 3055 evanesceret
1764 3013 1993 3055 scribendo

284 3079 419 3129 καιρία
446 3075 539 3118 ’στι
572 3079 631 3131 δὴ
665 3081 781 3128 νόσος
813 3087 963 3133 ψυχῆς,
988 3082 1066 3123 sed
1094 3092 1237 3131 neque
1266 3083 1347 3123 hoc
1378 3092 1519 3132 neque
1546 3081 1682 3133 καιρός
1710 3080 1789 3121 ἔστι
1816 3080 1865 3133 δὴ
1883 3080 1993 3122 mihi

284 3147 518 3196 satisfacit,
567 3151 611 3188 et
656 3148 772 3189 aliud
819 3149 981 3199 legisse
1030 3150 1315 3190 Plutarchum
1363 3150 1490 3191 docet
1532 3151 1627 3190 eius
1674 3149 1990 3199 interpretatio.

283 3213 378 3254 Non
420 3216 564 3265 magis
595 3226 671 3265 pro
707 3215 798 3257 εἴσω
829 3215 878 3268 δὴ
911 3220 1133 3267 repertum
1166 3219 1254 3268 est,
1287 3217 1401 3267 quod
1433 3218 1603 3258 eximat
1632 3227 1811 3258 omnem
1843 3217 1992 3258 animo
