2216 3522
1083 212 1163 251 14?

244 336 312 376 Fr.
349 336 446 384 145,
484 335 521 374 1.
554 331 705 373 οὔκουν
735 345 812 383 pro
844 333 892 373 οὐ
923 334 1016 382 τοὺς
1046 336 1111 375 Bl.
1143 336 1369 377 Articulus
1402 337 1476 376 vix
1507 337 1724 378 ferendus.

244 404 313 443 Fr.
349 404 446 454 146,
481 404 520 442 2.
567 402 753 454 καρτερὸς
792 399 841 441 ἵν’
884 403 965 454 εἴη,
1003 406 1180 454 propter
1220 400 1320 456 εἶχεν
1359 405 1607 455 optativum
1650 406 1742 446 iure
1778 408 2003 455 requirens

302 471 367 510 Bl.
386 471 506 527 Num„
522 471 640 511 forte
662 469 821 521 Κράτης
837 466 885 509 ἵν’
905 470 984 521 εἴη,
1000 473 1050 511 ut
1066 472 1199 511 simul
1215 471 1407 512 satisfiat
1422 472 1516 512 loco
1532 472 1771 522 Diogenis?
1789 473 1849 513 Cf.
1869 475 2003 515 Kock.

243 539 323 579 Fr.
347 539 446 589 149,
482 540 521 578 2.
548 538 719 578 Tuebar
743 549 823 587 ego
849 538 955 578 olim
982 536 1127 586 ἔδειξεν
1155 541 1200 579 et
1230 550 1347 579 nunc
1372 539 1457 590 BL,
1490 549 1577 579 non
1603 542 1754 580 tamen
1780 541 2005 582 abstinens

304 617 331 646 a
361 617 477 646 nova
508 607 758 646 coniectura
787 604 1018 654 κατέδειξεν.

245 674 313 713 Fr.
350 675 446 713 151.
479 674 814 723 Epicharmeum
846 672 939 720 νόος
970 671 1044 729 ὁρῇ
1074 672 1142 713 καὶ
1173 673 1267 721 νόος
1298 672 1438 714 ἀκούει
1468 677 1586 715 recte
1622 676 1695 715 eft.
1728 676 1808 726 BL,
1841 670 2007 716 temere

305 743 483 781 tentans
529 737 678 787 (οὐδὲν)
724 738 843 780 οὐκέτ’
891 752 967 791 pro
1008 740 1131 781 αὐτὸν
1173 743 1309 788 (codd.
1349 741 1456 798 αὐτῷ
1498 745 1542 783 et
1570 744 1748 790 τούτων).
1790 744 2008 784 Debuerat

304 809 468 849 saltem
499 804 621 848 οὐκέτ’
658 805 790 847 οὐδὲν.

247 877 316 916 Fr.
352 877 449 926 154,
486 876 523 915 1.
566 875 807 916 Verissime
848 876 1000 916 Nauck
1031 872 1078 914 δι’
1113 874 1327 927 ἀφθόνων,
1364 877 1536 918 collatis
1578 878 1781 918 formulis
1821 879 2009 926 ποικίλως

307 943 373 983 διὰ
414 943 624 994 ποικίλων,
661 942 792 982 πάντα
833 942 900 982 διὰ
939 942 1120 993 πάντων,
1150 944 1477 995 similibusque,
1515 946 1592 985 sed
1623 956 1849 996 perperam
1882 957 1947 987 vs.
1981 948 2006 986 2

305 1013 440 1052 κλύων
484 1015 576 1062 (pro
617 1009 810 1061 ἀκούων),
851 1011 964 1059 quod
1007 1021 1095 1050 non
1135 1013 1204 1051 est
1246 1013 1438 1052 comicae
1480 1013 1697 1052 dictionis.
1730 1013 1793 1053 Bl.
1826 1015 2008 1063 requirit

307 1079 415 1126 ὅπως
453 1077 594 1118 <ἃν>.
635 1079 770 1118 Recte
802 1089 850 1118 se
883 1078 1017 1118 habet
1046 1077 1218 1118 ἀκούων.

248 1148 316 1187 Fr.
352 1148 450 1197 155,
487 1149 524 1186 1.
557 1147 752 1186 Priorem
785 1146 1004 1196 virgulam
1035 1148 1154 1186 recte
1185 1147 1303 1186 delet
1333 1147 1397 1187 Bl.

250 1215 319 1254 Fr.
355 1216 452 1264 161,
481 1215 521 1254 2.
539 1214 604 1253 Bl.
632 1212 727 1252 ὅταν
754 1211 893 1268 ἐνέγκῃ
915 1223 1012 1261 <ug
1024 1227 1069 1264 >‚
1094 1215 1172 1254 sed
1198 1215 1398 1263 displicet
1423 1215 1530 1254 haec
1549 1215 1823 1264 tribrachyos
1841 1217 2007 1256 incisio.

249 1283 319 1323 Fr.
355 1283 453 1332 163,
491 1283 527 1321 1.
560 1281 660 1320 αἰνῶ
693 1281 771 1327 (sic
802 1282 941 1332 Kock,
975 1282 1187 1331 probante
1218 1282 1298 1328 Bl.)
1330 1293 1407 1332 pro
1439 1280 1588 1321 ἐπαινῶ
1620 1293 1706 1322 non
1732 1285 1800 1322 est
1827 1284 2008 1323 comico-

309 1361 430 1400 rum,
480 1359 612 1399 quare
658 1350 764 1389 olim
811 1349 966 1390 tuebar
1012 1349 1126 1399 αἰτῶ,
1172 1350 1265 1392 scil.
1313 1349 1406 1396 τοὺς
1447 1350 1582 1396 θεούς.
1631 1350 2009 1399 Quotidianae

306 1418 447 1458 mihi
507 1427 703 1467 preces
762 1419 895 1456 sunt
949 1418 1129 1466 primo
1186 1418 1427 1467 sanitas,
1477 1418 1678 1457 deinde
1724 1419 2007 1469 felicitas,

307 1486 483 1525 tertio
515 1484 797 1534 gaudium,
830 1485 1059 1524 tandem
1092 1486 1244 1524 aeris
1280 1485 1460 1524 alieni
1492 1485 1770 1525 absentia.

252 1553 321 1593 Fr.
360 1554 455 1601 164,
494 1553 530 1591 1.
578 1552 712 1591 Recte
759 1551 1032 1591 Studemund
1077 1550 1131 1602 μὴ
1178 1551 1330 1599 διδούς·
1378 1549 1399 1590 ὁ
1444 1550 1519 1603 γὰρ
1565 1550 1689 1604 λέγων
1736 1551 1810 1591 κτὲ.
1851 1553 2011 1592 Utrum

308 1631 435 1660 serus
479 1620 550 1660 hic
602 1620 732 1669 poeta
780 1620 848 1659 ter
899 1630 963 1659 vs.
999 1620 1024 1659 2
1066 1615 1148 1669 ἀπ’,
1199 1630 1255 1660 an
1297 1615 1360 1658 ὑπ’
1406 1619 1477 1659 vel
1516 1615 1607 1671 παρ’
1652 1620 1836 1670 dederit,
1883 1620 2010 1660 hodie

307 1687 418 1727 nihil
450 1697 610 1736 moror,
644 1697 725 1726 nec
755 1687 900 1736 magis
940 1689 1089 1727 utrum
1121 1688 1292 1728 soloece
1324 1685 1568 1738 ἕμποδίζεται
1600 1698 1656 1727 an
1686 1688 1873 1727 formam
1907 1688 2010 1727 acti-

309 1766 413 1795 vam
445 1755 626 1795 dederit.
659 1754 723 1794 Bl.
756 1756 902 1794 tentat
931 1753 1129 1805 ἐμποδίζει
1159 1755 1274 1806 θάμα
1306 1754 1439 1804 δόσιν,
1478 1756 1523 1794 et
1553 1755 1701 1804 procul
1733 1755 1863 1795 dubio
1894 1755 2011 1794 male

310 1822 530 1874 μετάδοσιν.
563 1822 742 1871 Siquid
773 1823 1055 1872 mutandum,
1088 1823 1272 1872 legerim
1305 1821 1501 1873 ἐμποδίζει
1527 1836 1611 1868 πως
1645 1821 1769 1861 δόσιν.
1803 1844 1857 1849 —-
1888 1823 2009 1862 Idem

313 1892 409 1940 165,
445 1891 470 1930 2
503 1896 627 1943 καιρῷ
664 1886 795 1931 <ν’>.

248 1959 316 1998 Fr.
355 1959 452 1999 168.
486 1958 701 1998 Headlam
742 1957 851 1996 ἅπαν
888 1957 1009 2000 <τὸ>
1047 1957 1260 2008 διδόμενον
1302 1955 1379 1996 κᾶν
1410 1957 1552 2009 μικρὸν
1584 1953 1620 2012 ᾖ.
1663 1957 1724 1997 Cf.
1758 1958 1822 1997 Bl.
1857 1958 2009 1997 Serum

309 2025 552 2066 versificem
585 2035 672 2065 non
704 2025 877 2065 dedisse
908 2026 1018 2075 quod
1052 2026 1238 2065 traditur
1269 2025 1379 2064 mihi
1410 2025 1525 2065 haud
1557 2025 1667 2064 satis
1699 2026 1884 2064 constat.

249 2094 317 2133 Fr.
355 2094 452 2143 169,
486 2095 526 2132 2.
570 2091 690 2145 μέγας
721 2099 856 2132 κακῶν
887 2108 943 2140 τις
975 2093 1102 2144 σωρός
1134 2093 1219 2139 (vel
1251 2092 1379 2143 σωρός
1410 2095 1495 2142 τις),
1530 2091 1625 2132 coll.
1659 2092 1732 2131 Ar.
1765 2092 1878 2131 Plut.
1910 2092 2010 2139 804,

308 2162 393 2210 Bl.;
430 2160 635 2212 θησαυρὸς
666 2159 925 2213 ἕξανοίγεται,
955 2161 1052 2201 coll.
1086 2162 1186 2201 Eur.
1219 2162 1310 2201 Ion.
1339 2162 1438 2210 923,
1472 2160 1634 2199 Nauck.
1668 2160 1783 2198 Nihil
1818 2162 2010 2199 mutave·

310 2230 409 2269 rim.
451 2229 514 2269 Cf.
554 2229 699 2268 Plauti
739 2229 780 2274 (i.
809 2239 846 2268 e.
879 2229 1164 2275 Philemonis)
1207 2229 1334 2269 Merc.
1372 2229 1468 2268 163.
1502 2228 1551 2267 R.
1595 2227 1765 2275 Perii,
1810 2229 1865 2266 tu
1909 2227 2011 2275 qui-

310 2298 428 2337 dem
490 2297 863 2336 thensaurum
920 2296 1023 2335 huc
1078 2297 1151 2335 mi
1211 2295 1597 2345 adportavisti
1664 2294 1812 2333 mali.
1892 2294 2011 2332 Idem

310 2349 553 2404 Trinumm.
588 2364 673 2403 783
706 2363 797 2403 ubi
829 2364 1201 2402 thensaurum
1234 2362 1528 2402 effoderis.

251 2431 319 2471 Fr.
356 2431 452 2480 170,
487 2431 526 2471 2.
574 2429 786 2482 χρηστότης
826 2430 891 2470 Bl.
935 2420 1173 2479 Vurfg'atam
1213 2430 1447 2469 lectionem
1483 2430 1707 2479 poetastro
1748 2438 1834 2468 non
1870 2428 2015 2477 magis

311 2498 493 2547 en'piam
525 2507 659 2546 quam
693 2508 756 2537 vs.
794 2499 813 2536 1
849 2496 1018 2547 σαπρόν.
1050 2497 1146 2537 Vid.
1178 2507 1311 2546 supra
1342 2497 1395 2536 ad
1427 2497 1478 2536 fr.
1513 2497 1582 2536 95.
1646 2533 1652 2540 ,

252 2565 319 2604 Fr.
357 2565 452 2613 171,
490 2566 525 2604 1.
561 2564 941 2614 corruptissimus.
974 2565 1244 2614 Expectatur
1274 2564 1381 2613 fere,
1416 2566 1464 2602 ut
1495 2563 1599 2603 olim
1633 2563 1806 2603 monui:

579 2630 743 2683 γνώμην
774 2628 820 2683 ἔχ’
857 2630 976 2678 αὐτὸς
1006 2638 1052 2686 τῇ
1086 2630 1165 2677 (καὶ
1178 2632 1212 2677 ‘?)
1244 2628 1404 2682 γυναικὶ
1435 2629 1488 2680 μὴ
1521 2633 1663 2669 πιθοῦ.

313 2698 374 2739 De
405 2698 690 2748 sequentibus
714 2699 974 2749 fragmentis
1001 2709 1057 2738 ex
1082 2699 1235 2738 eadem
1270 2697 1602 2747 comparatione
1633 2697 1844 2737 derivatis
1873 2697 2014 2736 172-

319 2767 416 2816 180,
451 2767 569 2817 vide,
602 2768 640 2807 si
672 2767 787 2807 tanti
818 2769 905 2817 est,
938 2767 1002 2807 Bl.
1036 2778 1075 2816 p.
1113 2768 1208 2806 190.

256 2835 322 2874 Fr.
356 2834 450 2883 182,
474 2835 511 2874 1.
538 2831 588 2872 ἂν
613 2834 715 2888 λάβῃ
742 2835 806 2875 Β1.
834 2837 878 2874 et
906 2845 970 2875 vs.
990 2835 1014 2873 2
1042 2833 1248 2885 οἰχήσεται.
1273 2834 1321 2873 In
1345 2833 1535 2882 vulgatis
1560 2842 1666 2872 sane
1689 2831 1805 2872 male
1821 2832 2017 2872 abundat

315 2900 424 2952 ἔχων.
470 2901 580 2941 Cum
632 2904 782 2942 tamen
824 2902 1036 2942 traditum
1077 2902 1137 2941 sit
1178 2903 1330 2941 contra
1371 2910 1578 2940 numeros
1612 2898 1710 2951 ἔχων
1735 2899 1799 2947 ἓξ,
1829 2899 2019 2940 fortasse

315 2971 524 3018 praestat,
550 2970 728 3009 servato
753 2967 970 3019 ἀποίσεται,
995 2968 1139 3008 delere
1165 2968 1464 3018 participium,
1491 2969 1539 3007 ut
1557 2977 1583 3006 a
1600 2966 1684 3006 fine
1701 2967 1815 3006 desit
1832 2967 2018 3007 iambus.

258 3037 326 3075 Fr.
362 3037 459 3076 188.
491 3036 626 3076 Recte
658 3036 799 3076 Naber
828 3035 1076 3089 τραγήματα,
1106 3036 1316 3085 probante
1347 3035 1411 3074 Bl.

260 3104 326 3143 Fr.
363 3104 460 3143 189.
499 3103 675 3153 Κροίσου
707 3103 876 3143 τάλαντα
908 3101 974 3142 καὶ
1009 3102 1126 3141 Μίδα
1157 3101 1223 3141 καὶ
1260 3101 1476 3141 Ταντάλου.
1509 3101 1574 3141 Bl.

260 3171 327 3211 Fr.
364 3172 461 3211 190.
487 3170 636 3211 Nauck
678 3171 750 3211 cft.
779 3171 938 3211 Athen.
967 3171 985 3209 I
1013 3182 1052 3220 p.
1081 3172 1136 3210 33
1156 3170 1205 3219 F,
1235 3170 1306 3209 ubi
1332 3170 1451 3221 γύναι
1480 3171 1549 3209 est
1574 3179 1651 3219 pro
1667 3167 1780 3221 ποτέ,
1805 3172 1847 3211 et
1866 3170 2019 3209 Iulian.

318 3238 453 3288 Epist.
487 3239 555 3287 58,
591 3239 640 3285 2;
679 3239 744 3287 11,
780 3239 830 3285 4;
869 3238 988 3277 Eust.
1023 3237 1178 3286 opusc.
1213 3248 1252 3286 p.
1286 3237 1356 3286 90,
1395 3237 1472 3285 18;
1506 3236 1562 3276 al.
