2216 3522
1060 211 1143 250 143

220 333 289 373 Fr.
322 333 393 382 41,
426 334 467 372 3.
514 331 663 384 λιπαρὰ
703 344 781 384 pro
820 332 941 385 λευκὴ
984 335 1119 386 idem,
1160 336 1422 386 suspectans
1463 337 1598 377 etiam
1628 337 1802 384 λοπάδος
1834 349 1898 378 vs.
1934 341 1979 388 4,

279 400 393 449 quod
424 410 531 440 sane
562 410 651 440 non
678 401 876 455 expedio.
1300 419 1304 422 Α

220 467 289 507 Fr.
322 468 393 518 47,
427 468 469 508 2.
500 464 552 519 ἣν
584 464 704 507 εἴδεθ’
738 467 851 519 ὑμεῖς
882 470 959 509 aut
989 468 1127 521 ἔχομεν
1156 466 1270 521 ἡμεῖς
1306 470 1445 520 idem;
1479 471 1584 510 illud
1616 471 1789 511 melius.

220 535 297 574 Fr.
320 534 393 586 53,
428 536 468 586 3,
511 535 595 575 Pro
634 536 792 583 πάντως
832 536 897 576 Bl.
939 537 1126 576 coniecit
1166 536 1345 588 θνητοὺς
1387 539 1465 578 aut
1505 537 1692 590 βροτοὺς,
1728 540 1804 578 aut
1838 539 1983 588 potius

279 602 442 642 τούτων.
479 603 626 653 Longe
667 603 829 644 melius
859 603 1022 643 πάντων
1052 604 1265 645 Meineke.
1299 627 1353 634 —
1385 605 1459 645 Vs.
1493 606 1534 646 4.
1567 605 1677 645 Male
1708 605 1772 645 Bl.
1807 608 1983 646 revocat

277 673 400 721 ποιεῖ,
439 671 504 711 ita
543 671 662 711 enim
702 681 835 711 sensu
876 673 1024 711 careat
1062 677 1177 711 τοῦτο
1219 683 1285 712 vs.
1320 674 1359 712 5.
1400 672 1528 713 Certa
1558 675 1674 712 πονεῖ
1692 671 1773 724 :est
1803 673 1981 714 Wachs-

280 738 443 778 muthii
474 739 699 779 correctio.

220 804 288 844 Fr.
322 806 392 845 59.
435 806 702 856 Etymologii
745 817 804 846 m.
837 806 1073 856 explicatio
1110 804 1352 858 ἠσβόλησεν,
1392 805 1583 857 ἐμόλυνεν
1614 808 1739 848 docet
1768 808 1981 848 Philemo-

281 883 382 912 nem
413 874 644 923 scripsisse
675 871 923 925 ἠρδάλωσεν,
952 875 1066 923 quod
1098 875 1191 914 iure
1221 875 1417 924 postulat
1448 875 1583 914 etiam
1614 876 1677 914 Bl.

221 939 290 979 Fr.
323 941 393 990 60,
427 941 467 981 3.
510 937 726 993 Ἐντέχνως
771 951 905 981 suum
950 952 1027 990 pro
1074 939 1117 980 ἐν
1158 948 1280 997 στενῷ
1322 942 1487 982 frustra
1527 942 1719 982 defendit
1759 943 1881 983 Kock
1921 944 1983 982 III

278 1018 319 1057 p.
352 1008 453 1049 748.
502 1009 724 1059 Hodieque
765 1009 980 1049 contendo
1020 1011 1197 1059 propter
1236 1010 1465 1059 sequentia
1504 1010 1637 1049 nimis
1668 1010 1855 1050 debilem
1887 1021 1984 1051 esse

281 1075 397 1115 hanc
437 1085 590 1116 vocem
632 1078 677 1116 et
718 1076 878 1124 requiri
920 1076 1301 1125 perfectionis
1342 1077 1587 1127 notionem,
1633 1078 1752 1117 velut
1790 1076 1828 1125 ἐς
1858 1076 1984 1128 τέλος,

279 1152 364 1191 quo
410 1142 619 1192 Polybius
665 1153 798 1193 saepe
842 1144 983 1183 utitur
1022 1154 1100 1193 pro
1141 1141 1289 1191 τελέως.
1332 1143 1395 1184 cf.
1437 1144 1689 1184 Thesaurus
1721 1155 1757 1185 s.
1790 1156 1832 1186 v.
1864 1143 1982 1193 τέλος.

278 1209 530 1251 Kockianae
586 1211 862 1251 coniecturae
908 1212 1106 1260 praestat
1152 1211 1446 1260 Blaydesiana
1491 1209 1702 1264 ἐμπείρως,
1747 1213 1822 1252 sed
1870 1214 1981 1262 quod

281 1279 451 1327 certum
482 1279 542 1319 sit
571 1289 702 1319 nemo
733 1278 936 1328 repperit.

221 1344 290 1385 Fr.
324 1346 395 1395 61,
432 1347 470 1386 1.
502 1346 548 1386 L.
591 1341 825 1398 γί<γ>νεθ’
861 1347 907 1385 et
939 1346 1009 1395 69,
1048 1347 1069 1385 1
1102 1345 1376 1398 γί<γ>νεται.

222 1412 293 1453 Fr.
325 1414 396 1464 65,
429 1415 469 1454 5.
502 1414 718 1454 Headlam
750 1413 878 1453 lusit:

647 1479 822 1533 <ἆγρός,
852 1477 1114 1533 ἀργυρώματ’,
1144 1480 1303 1520 οἰκίαι)
1341 1481 1559 1533 συνοικίαι,

639 1547 768 1599 φίλοι,
798 1547 967 1600 βοηθοί,
997 1546 1210 1600 μάρτυρες,
1247 1548 1559 1601 <συνήγοροι>.

283 1616 472 1666 Migrant
501 1616 610 1656 haec
639 1616 750 1656 artis
781 1616 958 1655 criticae
988 1614 1116 1666 fines,
1151 1625 1255 1655 nam
1286 1617 1497 1656 sexcenta
1526 1615 1633 1655 talia
1657 1615 1762 1666 fingi
1786 1618 1981 1666 possunt.

284 1684 438 1724 Melius
468 1694 562 1724 rem
596 1685 734 1734 gessit
766 1683 976 1724 Meineke.

226 1751 294 1792 Fr.
327 1752 398 1802 68,
436 1753 474 1792 l.
507 1752 610 1791 Sine
640 1762 775 1792 causa
803 1751 867 1791 Bl.
903 1747 949 1790 δι’
986 1749 1080 1802 ὅλης
1109 1756 1179 1802 τῆς
1209 1748 1368 1803 ἡμέρας.

226 1818 296 1859 Fr.
330 1819 399 1869 71,
434 1820 475 1859 3.
508 1819 643 1859 Recte
674 1819 848 1859 Brunck
878 1818 917 1857 τί
943 1816 1126 1871 τάγαθόν
1157 1816 1261 1857 ἐστιν
1294 1816 1446 1868 (ἐστιῖ),
1478 1828 1559 1858 nec
1584 1818 1854 1858 haerendum
1883 1828 1982 1858 cum

282 1886 347 1926 Bl.
391 1887 480 1936 (qui
520 1887 651 1927 malit
690 1886 729 1925 τί
756 1884 958 1939 τάγαθόν;
999 1885 1043 1925 τὸ
1075 1881 1114 1925 δ’
1148 1883 1244 1925 οὐδὲ
1272 1884 1361 1931 κτὲ.)
1408 1886 1452 1926 in
1494 1886 1721 1935 anapaesti
1753 1886 1979 1935 incisione,

279 1963 390 2003 quae
415 1955 591 2003 propter
616 1954 868 1994 encliticum
890 1953 999 1993 dura
1029 1963 1116 1992 non
1147 1954 1228 1993 est.
1248 1975 1300 1981 —
1319 1952 1393 1993 Vs.
1422 1954 1462 1992 5.
1489 1953 1583 1993 Non
1609 1952 1725 1992 male
1750 1953 1980 2002 Richards,

281 2021 380 2064 coll.
413 2021 487 2061 Ar.
519 2021 632 2061 Eccl.
666 2022 772 2071 646,
806 2019 832 2073 ἢ
864 2020 990 2061 αὐτὸ
1020 2019 1214 2073 τάγαθόν.

220 2089 288 2128 Fr.
322 2089 392 2139 73,
427 2089 450 2128 7
484 2099 549 2139 sq.
581 2089 791 2139 Proposui
823 2089 950 2139 olim,
994 2089 1160 2129 omisso
1196 2093 1311 2128 τοῦτο
1343 2098 1443 2128 cum
1475 2087 1802 2136 Wyttenbachii
1834 2087 1981 2127 codice

279 2157 324 2196 et
354 2156 516 2205 scripto
546 2155 593 2195 τὰ
624 2155 780 2209 δάκρυα
811 2166 911 2196 cum
944 2156 1201 2196 Plutarcho:

1171 2220 1196 2274 ἡ
1229 2222 1335 2273 λύπη
1368 2218 1404 2261 δ’
1440 2220 1514 2273 ἔχει

579 2288 709 2342 ὥσπερ
739 2288 786 2328 τὰ
818 2288 963 2342 δένδρα
993 2289 1149 2342 καρπὸν
1185 2287 1340 2331 <αἶεὶ>
1375 2287 1422 2328 τὰ
1454 2288 1619 2341 δάκρυα.

283 2358 408 2398 Nunc
446 2358 511 2397 Bl.
552 2354 578 2407 ἡ
618 2355 725 2407 λυπὴ
757 2352 794 2395 δ’
828 2355 889 2396 ἀεὶ
913 2361 922 2408 1
950 2356 1080 2409 ὥσπερ
1120 2355 1167 2395 τὰ
1208 2354 1356 2407 δένδρα
1388 2355 1542 2407 δάκρυα
1573 2354 1641 2394 τὸν
1671 2353 1825 2405 καρπὸν
1855 2352 1983 2405 φέρει,

283 2426 327 2464 in
359 2425 515 2474 quibus
546 2424 746 2474 displicet
776 2424 988 2464 articulus
1018 2426 1120 2464 ante
1150 2422 1314 2475 καρπὸν.
1370 2423 1458 2462 Nec
1490 2420 1599 2473 φέρει
1625 2420 1807 2472 pro-{xa
1837 2431 1981 2461 neces-

283 2493 450 2532 sarium
482 2492 667 2531 videtur.

225 2559 294 2599 Fr.
325 2560 395 2609 75,
430 2560 470 2599 2.
498 2559 673 2609 Optime
699 2559 744 2598 F.
761 2558 829 2597 W.
848 2558 1047 2598 Schmidt
1071 2562 1263 2608 πονῆσαι,
1288 2553 1497 2607 probante
1523 2555 1728 2595 Nauckio.
1758 2576 1811 2584 —
1839 2555 1912 2595 Vs.
1940 2555 1979 2594 3.

284 2626 394 2667 Cum
425 2626 490 2667 Bl.
523 2627 782 2675 interpunge
823 2625 1032 2676 τεκμήριον
1068 2622 1125 2663 δέ·
1162 2623 1253 2671 τοὺς
1279 2622 1353 2663 κτὲ.
1387 2646 1440 2653 -
1469 2623 1540 2662 Vs.
1573 2624 1613 2663 5.
1645 2622 1835 2661 πταίσωσι
1867 2622 1981 2661 male

234 2717 238 2721 ι
284 2694 491 2734 sollicitat
521 2693 637 2733 idern
670 2692 831 2742 triplici
863 2692 1113 2732 coniectura
1143 2692 1188 2731 et
1218 2701 1282 2730 vs.
1317 2691 1340 2730 7
1375 2689 1479 2736 ἴσως.

225 2762 293 2801 Fr.
328 2761 396 2811 79,
429 2771 494 2800 vs.
531 2762 572 2801 4.
619 2754 706 2800 οἷον
753 2760 829 2799 vix
875 2762 992 2800 recte
1038 2760 1103 2799 Bl.
1147 2761 1187 2800 5.
1232 2759 1352 2798 Kock
1399 2769 1475 2808 pro
1516 2752 1602 2797 οἷον
1642 2757 1783 2796 multo
1823 2756 1981 2796 melius

284 2825 406 2868 ὀπτὸν
446 2827 514 2875 (cf.
547 2838 612 2868 vs.
646 2829 687 2874 7)
728 2828 914 2868 coniecit
945 2837 1075 2877 quam
1110 2827 1320 2866 Richards
1356 2823 1479 2875 ὄψον,
1518 2823 1630 2873 quod
1661 2823 1854 2863 abundat
1884 2825 1982 2872 post

282 2894 401 2947 ἰχθὺς
441 2896 511 2941 (4).
554 2895 787 2935 Praeterea
826 2896 1063 2944 reponatur
1103 2894 1246 2933 forma
1280 2893 1417 2932 attica
1457 2886 1713 2942 παρατέθηκ’.
1747 2913 1799 2918 -
1833 2890 1906 2930 Vs.
1939 2891 1979 2930 8.

284 2962 446 3010 οὕτως
491 2959 646 3001 ἁπαλὸν
692 2960 856 3000 ἔδωκα
901 2959 968 3000 καὶ
1006 2968 1135 3015 πρᾷον
1175 2959 1218 2999 τὸ
1259 2965 1350 3010 πῦρ.
1392 2958 1686 2998 Vehementer
1725 2959 1980 3006 suspectum

283 3031 393 3070 mihi
433 3028 572 3069 ἔδωκα.
616 3029 720 3071 0011.
763 3029 1031 3069 Philemonis
1062 3028 1168 3068 min.
1202 3028 1253 3067 fr.
1291 3030 1327 3076 1,
1361 3027 1504 3076 possis
1537 3023 1753 3076 ἕπόησα,
1793 3025 1868 3064 sed
1900 3024 1979 3063 for-

282 3099 403 3138 tasse
434 3098 631 3148 praestat
660 3093 915 3147 ὑπέθηκα.
955 3096 1020 3136 Bl.
1053 3094 1221 3146 ἔθηκα
1251 3095 1328 3133 vix
1359 3094 1507 3142 attice,
1541 3093 1616 3132 sed
1647 3092 1835 3132 fortasse
1865 3092 1981 3131 recte

284 3166 399 3205 idem
441 3162 577 3211 ὅπως
618 3173 694 3213 pro
735 3162 859 3211 οὕτως
891 3165 937 3203 et
976 3160 1063 3214 οὐχὶ
1094 3163 1150 3209 (9)
1190 3171 1266 3211 pro
1299 3158 1403 3200 οὐδὲ.
1438 3181 1492 3189 -
1520 3159 1848 3209 corruptissimi
1877 3159 1982 3197 sunt

284 3241 374 3272 vss.
410 3231 464 3271 14
497 3239 610 3280 sqq.:
