2216 3522
1087 203 1171 247 176

246 330 312 373 Fr.
357 332 457 382 727,
505 334 540 372 1.
583 330 693 371 Male
736 330 799 371 Bl.
841 340 1018 381 carpere
1059 331 1245 371 Bentleii
1286 330 1600 372 correctionem
1633 324 1752 382 ἡτέρα
1786 329 2015 382 apparebit

303 400 569 440 consultanti
612 394 855 439 Meisterh.³
886 399 956 449 71,
993 400 1032 439 8.
1081 398 1285 439 Ceterum
1327 399 1518 440 fortasse
1555 402 1674 440 recte
1705 399 1849 440 Naber
1878 404 2013 452 παρῆν

305 466 433 518 ἑτέρα,
464 477 730 517 quamquam
763 466 888 507 citari
920 467 1063 517 potuit
1094 466 1316 507 sententia
1347 467 1606 517 imperfecta
1637 467 1690 507 ab
1722 467 1968 508 Eustathio.

247 537 313 576 Fr.
349 537 448 576 731.
486 538 522 575 1.
564 535 706 575 Naber
745 535 942 584 speciose
984 533 1124 586 κρίνον
1166 545 1243 584 pro
1275 534 1433 585 νεκρός,
1465 534 1677 585 probante
1708 535 1916 576 Nauckio.
1948 534 2011 576 Cf.

304 604 514 654 Stephani
562 602 691 642 Thes.
724 613 759 642 S.
794 613 832 642 ν.
867 601 1030 642 Contra
1070 602 1268 652 disputat
1307 603 1369 642 Bl.
1414 613 1453 652 p.
1488 603 1588 657 232,
1629 603 1723 653 ipse
1765 613 2013 654 proponens

303 669 422 711 κούδὲ
462 666 534 719 εἷς,
576 670 674 710 coll.
720 671 801 709 Av.
845 670 943 719 799,
997 672 1075 710 aut
1114 668 1333 720 κάσθενής.
1385 671 1444 710 At
1479 670 1698 711 Eustathii
1746 671 1880 712 verba
1919 681 2013 722 pro·

302 741 409 780 bant
440 750 539 779 eum
573 738 754 788 legisse,
788 738 901 787 quod
933 737 1071 788 νεκρός
1102 737 1386 787 significaret.

247 810 312 849 Fr.
347 809 445 847 732.
495 807 714 857 Eunapius
757 817 795 855 p.
839 806 909 856 69,
949 806 999 846 17
1043 805 1109 845 ed.
1152 806 1281 845 Born.
1321 804 1530 856 ἠπίσταντο
1563 812 1702 856 σαφῶς
1734 805 1792 846 ὅτι
1825 804 2013 859 ἄρχοντος

304 874 376 927 μὲν
422 870 711 925 εὖπορὴσουσι,
751 878 933 912 τοιοῦτον
976 869 1011 912 δ’
1059 869 1166 912 οὐδ’
1209 873 1259 912 εἰ
1298 873 1515 913 πλάττοι
1557 874 1636 920 (ed.
1668 872 1856 923 πλαστὸς)
1887 873 2013 930 θεὸς

301 942 552 994 εὑρήσουσιν.
586 942 722 992 Quem
756 941 902 981 locum
936 941 1122 981 allatum
1154 952 1180 980 a
1211 941 1425 981 Meinekio
1457 942 1655 991 neglexit
1687 943 1822 983 Kock.

246 1013 312 1052 Fr.
346 1012 446 1061 733,
479 1013 514 1050 1.
544 1010 658 1059 Lege
686 1008 832 1062 γί<γ>
845 1022 959 1047 νεται.
985 1009 1251 1059 Suspectum
1270 1011 1339 1049 est
1355 1008 1491 1048 ἅπασι.
1509 1009 1575 1050 Bl.
1594 1011 1824 1060 proposuit
1840 1008 2016 1063 ἄριστον.

245 1080 312 1119 Fr.
346 1079 446 1128 734,
484 1081 520 1118 1.
565 1077 780 1117 Headlam
812 1074 872 1114 ‘au
912 1074 988 1128 γὰρ
1026 1078 1117 1122 (aut
1155 1074 1180 1115 ἃ
1212 1075 1288 1129 γὰρ
1320 1074 1385 1123 ἂν)
1429 1073 1515 1127 μεθ’
1551 1074 1707 1130 ἡμέραν
1742 1077 1919 1134 <τύχῃ>
1954 1092 2013 1126 τις

301 1146 553 1193 σπουδάσας,
584 1147 661 1185 aut
692 1145 833 1185 lenius
865 1159 921 1192 τις
953 1143 1184 1198 σπουδάσῃ,
1215 1144 1327 1193 quod
1360 1145 1660 1194 praetulerim.

244 1214 310 1254 Fr.
347 1215 445 1254 736.
488 1214 644 1253 Nescio
687 1224 742 1253 an
786 1215 904 1253 reete
936 1213 1000 1252 Bl.
1034 1215 1133 1263 post
1171 1215 1367 1265 γυναῖκας
1403 1213 1504 1263 poni
1536 1213 1687 1253 iubeat
1715 1214 2015 1264 interrogandi

301 1283 497 1332 signum.

243 1351 311 1390 Fr.
346 1351 430 1390 739
463 1350 629 1400 optime
661 1350 948 1390 emendatum
983 1359 1010 1389 a
1041 1348 1255 1389 Meinekio
1281 1349 1409 1388 novis
1436 1358 1516 1388 nec
1541 1348 1722 1399 optimis
1749 1348 2015 1389 coniecturis

300 1418 479 1458 lacessit
506 1418 569 1457 Bl.
588 1418 739 1458 Nauck
758 1418 831 1457 cst.
868 1417 1073 1457 Philostr.
1104 1417 1180 1456 vit.
1210 1416 1427 1466 Apollonii
1446 1418 1486 1466 5,
1507 1417 1560 1456 21
1579 1418 1764 1455 πλεῖστον
1782 1415 2014 1467 Ἀφροδίτης

302 1484 400 1536 ἔχων
427 1483 469 1524 ἕν
495 1491 546 1539 τῷ
573 1483 693 1539 αὐλῷ.
721 1484 782 1524 Cr.
809 1484 947 1524 etiam
974 1484 1107 1524 Arist.
1135 1485 1244 1524 Ran.
1267 1484 1399 1534 1045,
1419 1484 1491 1524 ubi
1509 1484 1736 1534 Euripides
1752 1483 1805 1524 ad
1822 1482 2012 1533 Aeschy-

302 1553 418 1592 lum:
453 1551 507 1603 μὰ
540 1549 604 1592 Δί’
640 1549 735 1592 οὐδὲ
761 1550 835 1604 γὰρ
867 1545 918 1603 ἦν
951 1551 1067 1598 (COb.
1100 1550 1148 1591 οὐ
1180 1550 1255 1604 γὰρ
1287 1549 1403 1602 ἐπῆν)
1436 1556 1503 1602 τῆς
1533 1551 1764 1603 Ἀφροδίτης
1790 1549 1911 1591 οὐδέν
1931 1547 2012 1591 ’σοι

245 1621 313 1661 Fr.
348 1621 447 1671 740,
483 1621 522 1660 2.
570 1619 766 1662 <τάσδε>
802 1617 870 1666 τὰς
912 1618 1045 1670 θύρας
1087 1621 1131 1659 et
1171 1619 1258 1659 alia
1289 1619 1352 1660 Bl.
1387 1619 1470 1659 Sed
1513 1619 1631 1659 aliud
1672 1619 1858 1668 quodvis
1887 1618 2013 1668 sequi

302 1689 457 1738 potuit.
491 1688 674 1728 Temere
706 1687 822 1727 idem
854 1687 1067 1727 sollicitat
1097 1687 1149 1727 fr.
1186 1688 1270 1727 748
1304 1689 1348 1727 et
1381 1688 1465 1727 744
1500 1688 1545 1727 et
1577 1687 1677 1727 752.

248 1756 316 1795 Fr.
351 1757 451 1806 745,
487 1756 526 1795 2.
559 1754 707 1807 φόβος,
748 1765 810 1794 an
844 1754 1155 1804 exceeding
1186 1765 1353 1795 cause
1385 1750 1468 1794 for
1498 1754 1633 1804 fear,
1665 1754 1834 1805 optime
1863 1755 2012 1794 tuetur

302 1823 517 1863 Headlam
564 1833 632 1873 ap.
675 1823 739 1863 Bl.
781 1822 878 1863 coll.
921 1823 1032 1863 Men.
1075 1823 1161 1863 652
1203 1824 1248 1862 et
1290 1822 1447 1862 Sosicr.
1491 1824 1531 1871 4,
1584 1832 1665 1863 nec
1706 1832 1815 1873 opus
1856 1822 2011 1863 audaci

299 1891 519 1940 Blaydesii
546 1892 796 1931 coniectura
821 1888 1071 1942 ὑπερβάλλον
1097 1888 1221 1943 τέρας.
1252 1891 1347 1931 Non
1379 1890 1494 1931 solet
1518 1891 1676 1930 mulier
1701 1888 1848 1942 χρηστὰ
1869 1886 2012 1942 λέγειν,

298 1960 462 2009 itaque,
504 1959 542 1998 si
584 1958 757 2008 quando
798 1957 843 1999 id
882 1957 1004 2009 facit,
1047 1957 1246 1998 maxime
1286 1958 1593 2008 metuendum,
1642 1968 1696 1997 ne
1742 1956 1865 2007 pravi
1906 1956 2022 2006 quid.

300 2028 448 2066 mente
480 2027 632 2075 agitet.
1359 2032 1363 2039 ·

241 2094 308 2134 Fr.
342 2095 442 2134 753.
478 2093 684 2133 Admissa
715 2092 865 2133 Cobeti
898 2093 1165 2143 coniectura,
1199 2093 1354 2133 lubens
1385 2093 1591 2143 legerim:

617 2163 737 2208 <ταῖς
768 2160 1017 2212 φροντίσιν)
1053 2159 1122 2200 τὸν
1154 2166 1255 2200 νοῦν
1286 2159 1387 2212 ἔχων
1419 2159 1649 2212 ὑποχείριον

611 2227 666 2276 εἰς
696 2227 766 2267 τὸν
796 2227 923 2267 πίθον
955 2226 1116 2268 δέδυκα.

300 2297 559 2345 intellegens
590 2296 642 2336 de
683 2306 733 2336 eo
774 2297 848 2345 qui
882 2296 1006 2335 vino
1044 2295 1268 2336 loturus
1305 2306 1493 2346 curas,
1526 2296 1685 2345 quibus
1715 2295 1894 2335 animus
1926 2295 2008 2335 sit

297 2364 576 2403 obnoxius
601 2364 865 2410 (coniectura
895 2362 1138 2415 ὑποβρύχιον
1164 2363 1415 2404 necessaria
1441 2373 1527 2404 non
1547 2363 1745 2410 videtur).
1765 2361 1921 2413 (quasi)
1951 2362 2007 2402 in

297 2431 507 2471 dolium
554 2442 679 2471 sese
726 2431 1032 2471 demisisse
1079 2431 1153 2471 ait.
1196 2430 1257 2470 De
1302 2430 1508 2480 Diogenis
1550 2431 1665 2471 dolio
1707 2440 1807 2470 cum
1841 2428 2007 2470 Kockio

299 2500 481 2548 cogitari
514 2499 676 2547 nequit.

241 2567 307 2606 Fr.
342 2568 439 2606 754.
474 2566 565 2605 Non
598 2565 804 2615 φιλόνικος
837 2576 937 2606 cum
970 2566 1033 2606 Bl.
1067 2576 1121 2606 ex
1154 2566 1434 2606 Aristaeneto
1466 2566 1508 2606 in
1542 2564 1785 2616 φιλόνεικος,
1818 2564 2006 2605 formam

300 2634 373 2672 vix
414 2644 637 2682 graecam,
681 2633 985 2682 corrigendum
1029 2636 1117 2683 est,
1151 2633 1226 2673 sed
1260 2643 1282 2673 e
1315 2633 1552 2673 Menandro
1584 2632 1885 2673 emendandus
1914 2631 2006 2672 Ari·

298 2704 539 2740 staenetuS.
575 2701 715 2740 Meam
749 2700 1103 2740 emendationem
1135 2699 1227 2738 λίαν
1258 2710 1335 2749 pro
1367 2699 1455 2750 μία,
1485 2699 1628 2741 deleto
1659 2699 1928 2750 glossemate
1951 2697 2007 2746 εἰς

299 2773 437 2818 μῆνιν,
479 2770 699 2817 receptam
741 2769 941 2817 oportere
982 2767 1202 2807 iudicabat
1243 2766 1393 2807 Nauck
1426 2767 1523 2807 Mel.
1558 2767 1614 2806 VI
1646 2778 1687 2817 p.
1724 2767 1822 2807 125.
1862 2764 2006 2817 Μιαρά

299 2846 451 2885 parum
500 2836 685 2875 feliciter
732 2835 905 2875 Palmer
952 2846 1019 2885 ap.
1054 2834 1139 2885 Bl.,
1184 2835 1257 2884 qui
1299 2835 1392 2885 ipse
1434 2835 1547 2884 quod
1589 2834 1746 2885 πρηνής
1786 2832 2006 2884 significet

296 2905 517 2951 expectat,
562 2903 691 2951 quale
733 2903 834 2952 quid
878 2913 963 2943 non
1005 2902 1133 2943 facile
1174 2902 1428 2952 reperietur.
1473 2903 1561 2943 Nec
1591 2902 1806 2952 comicus,
1838 2901 2004 2952 opinor,

297 2968 351 3015 εἰς
383 2974 519 3018 μῆνιν,
549 2969 625 3009 sed
658 2968 712 3016 εἰς
745 2967 869 3022 ὀργὴν
902 2969 1103 3010 dixisset.

240 3037 305 3075 Fr.
340 3037 438 3075 760.
474 3036 536 3075 Bi.
572 3036 743 3085 virgula
774 3037 1008 3086 distinguit
1039 3038 1139 3087 post
1170 3035 1315 3083 οἰκίαςς
1348 3036 1422 3076 cst.
1456 3036 1640 3076 Monost.
1678 3037 1775 3077 168.

240 3103 304 3142 Fr.
340 3104 438 3142 764.
473 3103 558 3142 Nec
590 3101 786 3143 ὑπόπτευε
819 3103 971 3153 (Kock)
1005 3114 1083 3143 nec
1115 3101 1288 3143 ἐπίταττε
1320 3103 1414 3149 (ΒΙ.)
1447 3104 1555 3143 mini
1587 3103 1744 3153 placet.
1779 3103 1893 3143 Num
1918 3102 2003 3143 fult

699 3237 909 3293 Κορινθίῳ
940 3237 1099 3277 πίστευε
1130 3253 1158 3288 μ
1169 3252 1194 3289 η
1207 3169 1369 3289 ιῗὲμῖῖῶ
1400 3237 1503 3293 φίλῳ
1516 3239 1539 3278 ⁴?
