2216 3522
1077 192 1159 233 188

292 311 404 352 ritur
442 312 622 363 saltem,
664 315 714 354 ut
744 313 941 355 Meineke
973 314 1100 365 vidit,
1142 315 1454 365 superlativus.
1495 338 1537 344 --
1587 315 1663 356 Vs.
1696 316 1738 356 8.
1770 312 1905 367 ἦρτο
1934 312 2003 355 καὶ

294 389 524 430 perperam
556 380 785 421 Headlam.

236 446 303 487 Fr.
340 448 407 498 10,
442 448 482 488 2.
526 448 715 489 Facilius
755 450 931 499 propter
972 460 1161 499 sequens
1194 450 1409 491 Athenaei
1446 445 1538 490 οἶδα
1570 449 1736 490 excidit
1766 459 1793 490 a
1821 447 1909 490 fine
1939 447 2007 490 ὅδε

294 515 488 561 (Porsen)
515 526 647 565 quam
672 513 793 568 ἄκρος
810 516 924 567 (ΒΙ.),
953 518 1066 567 quod
1093 517 1383 559 nihilominus
1408 517 1656 559 sententiae
1683 515 1827 557 multo
1860 516 2009 567 aptius

295 583 478 623 videtur.
526 583 702 632 Aliquid
752 584 970 625 excidisse
1016 586 1188 625 certum
1228 587 1315 635 est,
1360 586 1464 635 quia
1501 583 1849 636 λοπαδοσοφισεής
1885 585 2009 625 caret

296 651 496 692 articulo.

237 765 423 822 sophin
457 768 509 809 fr.
543 770 582 818 3,
621 770 656 808 1.
692 769 836 808 Meum
868 766 1027 821 συνεχὲς
1058 769 1213 819 probat
1243 761 1429 820 B1.,'qui
1462 770 1535 810 eft.
1569 770 1644 811 Ar.
1677 769 1752 819 Eq.
1786 769 1856 809 21.

238 836 303 876 Fr.
338 836 379 884 4,
413 836 452 875 3.
487 834 648 887 ὑποχεῖν
681 836 798 876 male
830 837 914 887 BL,
957 838 1002 877 et
1033 835 1350 890 ἐπιδορπίσωμαι
1381 838 1479 877 sine
1510 847 1646 878 causa
1677 837 1834 878 idonea
1863 846 1939 895 vs..
1962 837 2004 877 5.

238 904 305 943 Fr.
339 905 378 953 5,
413 904 453 943 3.
651 901 672 943 ὁ
704 902 978 955 πορνοβοσκὸς
1009 903 1084 957 γάρ
1116 900 1152 955 μ’
1187 902 1268 944 ὑπὸ
1299 904 1563 957 κνισολοιχίας
1905 899 1910 902 ’

651 970 801 1023 χορδήν
832 968 919 1010 τιν’
955 971 1152 1023 αἱματῖτιν
1184 970 1291 1028 αὐτῷ
1324 971 1515 1012 σκευάσαι

653 1036 828 1078 ἐκέλευσε
859 1054 1084 1091 ταυτιην
1115 1037 1215 1091 ἐμέ.

296 1107 488 1157 Recepta
518 1108 587 1146 est
619 1106 1023 1156 Schweighaeuseri
1056 1108 1306 1149 coniectura
1340 1106 1508 1159 ταυτηνί
1535 1121 1603 1159 με,
1633 1117 1744 1157 quae
1776 1117 1880 1148 vera
1909 1117 2009 1148 esse

297 1175 448 1223 nequit
474 1185 573 1214 cum
601 1176 775 1224 propter
802 1185 1041 1224 pronomen
1068 1174 1344 1216 indefinitum
1371 1190 1472 1226 τινα,
1492 1186 1603 1225 quae
1620 1175 1816 1216 excludit
1831 1175 2006 1217 demon-

296 1242 547 1292 strativum,
573 1243 670 1281 tum
696 1244 871 1292 propter
896 1243 1134 1293 repetitum
1160 1257 1219 1294 με.
1246 1243 1556 1294 Corrigendum
1582 1243 1792 1284 arbitror:
1817 1243 2010 1300 ταυτῃί

298 1324 369 1359 τε,
405 1309 517 1349 sibi
549 1310 662 1359 ipsi
693 1312 748 1350 et
779 1310 959 1351 huice.

241 1378 309 1418 Fr.
343 1379 383 1427 8,
422 1379 457 1417 1.
491 1375 571 1416 ἐστι
608 1375 733 1428 <δὴ>
772 1377 837 1418 Bl.
869 1377 1030 1418 Utrum
1062 1379 1144 1419 hoc
1175 1388 1230 1419 an
1261 1376 1336 1431 γὰρ
1367 1378 1579 1419 exciderit
1610 1376 1710 1429 quis
1740 1378 1890 1419 dicat?

241 1445 307 1484 Fr.
340 1446 380 1484 9.
413 1444 477 1484 Bl.
498 1441 679 1485 -’στιν’
709 1444 955 1498 Ἀγάθαρχόν
986 1459 1029 1498 γε
1060 1460 1117 1486 τοι
1146 1442 1152 1499 Ι
1180 1444 1250 1485 τὸν
1281 1443 1438 1499 γραφέα
1468 1445 1616 1497 ταύτης
1647 1443 1746 1496 φασὶ
1762 1443 2006 1499 γεγραφέναι

297 1511 390 1551 ποτέ
417 1511 423 1563 Ι
451 1510 544 1563 κτὲ.,
569 1524 680 1563 quae
707 1513 944 1554 Kockianis
969 1515 1076 1553 sunt
1102 1514 1364 1554 violentiora
1388 1524 1468 1554 nec
1494 1513 1692 1554 meliora.
1719 1513 1900 1554 Placent
1916 1513 2008 1555 illa.

240 1619 431 1665 Sotadis
463 1622 514 1662 fr.
552 1624 587 1673 1,
622 1624 663 1663 6.
705 1620 848 1661 πνικτὰ
881 1633 958 1671 pro
989 1627 1112 1662 ταῦτα
1143 1622 1228 1673 Bl.,
1262 1622 1337 1672 qui
1361 1624 1479 1663 recte
1508 1621 1661 1662 scribit
1690 1619 1849 1676 ἐλᾴδιον
1879 1631 1947 1663 vs.
1981 1622 2004 1662 7

298 1690 343 1729 et
374 1687 515 1745 ἐλᾳδίῳ
548 1700 612 1730 vs.
647 1691 716 1730 27.
750 1689 812 1730 Cf.
846 1690 960 1730 infra
991 1690 1045 1730 ad
1077 1700 1143 1730 ve.
1171 1689 1243 1730 32.
1271 1690 1393 1730 Idem
1420 1700 1486 1730 vs.
1505 1690 1532 1730 9
1559 1688 1666 1729 ἔσται
1692 1684 1730 1728 δ’
1759 1687 1803 1729 ἐν
1827 1688 2006 1744 ἅλμῃ-

297 1756 374 1796 σὺν
414 1757 520 1809 χλόη.
551 1758 645 1798 Non
680 1758 804 1798 video
836 1758 1165 1799 necessitatem.
1200 1780 1254 1787 —
1293 1757 1368 1798 Vs.
1405 1758 1472 1798 12.
1504 1756 1807 1807 Proponebam
1838 1749 1884 1797 εὖ
1916 1754 2010 1809 ἔχει,

297 1825 362 1864 Bl.
379 1824 532 1864 αὐτίκα.
551 1848 603 1854 -
621 1826 695 1865 Vs.
719 1826 786 1866 13.
804 1826 926 1865 Idem
942 1827 1060 1866 recte
1077 1826 1266 1866 fortasse
1282 1819 1534 1876 προστίθημ’.
1551 1847 1601 1853 -
1624 1823 1699 1865 Vs.
1721 1826 1788 1866 15.
1806 1824 1872 1865 Bl.
1889 1821 2010 1876 ὀπτὴ,

298 1892 394 1932 coll.
427 1894 500 1932 Ar.
542 1893 594 1933 fr.
628 1894 727 1943 302,
763 1894 788 1932 3
830 1893 978 1941 Dind.;
1021 1893 1179 1943 Metag.
1212 1893 1253 1932 II
1287 1893 1396 1942 753;
1433 1892 1689 1933 Anaxandr.
1720 1892 1785 1932 111
1820 1893 1918 1933 184.
1949 1893 2011 1933 At

298 1960 514 2000 Athenaei
557 1960 687 2000 lectio
728 1959 853 2011 ὤφθη
895 1961 1016 2000 ducit
1057 1960 1112 2000 ad
1158 1958 1289 2011 ἑφθή,
1337 1961 1451 2011 quod
1496 1959 1687 2010 repperit
1730 1958 1909 2000 Dobree.
1953 1981 2009 1989 --

299 2027 372 2067 Vs.
410 2028 476 2068 17.
514 2026 689 2068 ἀνθινὸν
720 2030 949 2079 suspectat
979 2028 1045 2068 Bl.
1077 2029 1136 2068 At
1168 2028 1221 2069 cf.
1255 2029 1309 2068 21
1339 2026 1619 2080 εὐανθεστέρα.
1653 2049 1707 2056 -
1731 2026 1806 2067 Vs.
1840 2027 1912 2068 28.
1943 2026 2009 2068 ΒῙ.

299 2090 442 2146 ἰχθύδι’
477 2094 611 2135 αὐτῶν
640 2094 734 2146 κτὲ.,
768 2096 845 2136 sed
876 2094 1010 2136 αὐτῶν
1042 2096 1314 2136 sententiam
1351 2095 1485 2136 ordiri
1510 2094 1680 2145 nequit;
1707 2093 1870 2134 melius
1891 2093 2007 2135 idem

298 2161 518 2211 ἀποκνίσας
564 2163 708 2203 αὐτῶν.
756 2164 906 2204 Malim
953 2161 1175 2211 ἀποκνίσας
1221 2160 1248 2203 τ’
1300 2163 1472 2203 αὐτῶν
1517 2161 1591 2203 κτέ.
1636 2185 1690 2192 -
1737 2162 1811 2203 Vs.
1856 2163 1912 2203 23
1943 2173 2010 2213 sq.

298 2229 345 2269 τὰ
375 2230 519 2282 κρανία
547 2227 552 2284 Ι
591 2227 791 2283 ἐμόλυν’
828 2229 982 2288 ἀλεύρῳ
1026 2231 1259 2272 Neminem
1291 2232 1491 2272 haesisse
1522 2231 1672 2281 miror,
1699 2240 1804 2271 narn
1837 2230 2010 2280 inqui·

300 2308 432 2338 nare
474 2309 550 2348 pro
600 2309 976 2350 conspergere
1023 2299 1109 2339 dici
1150 2299 1347 2349 potuisse
1388 2299 1488 2348 quis
1527 2308 1663 2339 sanus
1705 2298 1887 2349 credat?
1927 2297 2011 2339 Ma·

299 2364 473 2416 gniflce,
516 2367 555 2406 si
586 2366 688 2416 quid
719 2366 863 2417 video,
897 2366 1081 2407 Sotades
1122 2367 1303 2407 dederat
1333 2362 1556 2417 ἐπάλυιῖ,
1586 2376 1758 2407 memor
1788 2365 2012 2408 Homerici

298 2434 490 2473 παλύνειν
522 2432 690 2483 ἀλφίτου
723 2432 821 2490 ἀκτῇ
854 2434 931 2475 Od.
964 2433 1067 2473 XIV
1100 2434 1200 2474 429.
1235 2433 1448 2475 Similiter
1480 2445 1545 2474 VS.
1579 2434 1846 2484 29'Scrip81t
1873 2443 2012 2476 recor·

299 2502 429 2541 datus
474 2502 556 2541 loci
603 2502 680 2542 Od.
725 2502 760 2541 V
802 2503 902 2552 488,
944 2503 995 2541 ut
1036 2501 1351 2541 animadvertit
1391 2501 1527 2542 Kock.
1560 2523 1610 2530 -—
1649 2501 1723 2542 Vs.
1757 2500 1827 2543 26.
1873 2501 2012 2555 χήραν.

306 2568 496 2616 „Gallice
544 2579 607 2609 au
655 2569 918 2610 naturel”
951 2569 1036 2619 Bl.,
1080 2569 1153 2617 qui
1194 2570 1312 2609 recte
1344 2579 1409 2609 vs.
1444 2570 1500 2609 30
1542 2567 1702 2620 ἀφύην,
1731 2569 1845 2619 quod
1875 2569 2010 2611 etiam

302 2636 518 2676 Kockium
558 2637 753 2677 voluisse
794 2637 922 2678 docet
965 2637 1095 2677 huius
1128 2636 1294 2677 notula.
1329 2659 1382 2666 —
1415 2637 1491 2678 Vs.
1524 2638 1596 2679 31.
1628 2637 1774 2685 ὕδατος
1803 2658 1862 2666 -—·
1891 2636 2015 2689 πολύ,

301 2704 537 2744 multum
592 2715 787 2755 aquae,
838 2715 996 2755 graece
1055 2704 1200 2754 paullo
1248 2704 1512 2745 insolentius
1566 2704 1732 2746 dictum
1778 2714 1857 2756 pro
1901 2703 2012 2755 ὕδωρ

300 2771 421 2819 πολύ,
451 2781 530 2811 nec
562 2775 711 2813 tamen
744 2773 841 2813 ideo
873 2771 958 2820 ἅλις
990 2782 1229 2823 proponere
1261 2772 1511 2813 debueram.
1536 2796 1591 2799 —
1619 2772 1692 2812 Vs.
1720 2772 1790 2812 32.
1820 2771 2011 2823 corrige·

302 2839 401 2878 bam
434 2837 626 2893 κάλᾳδίου
653 2850 729 2890 pro
770 2838 836 2879 καὶ
868 2839 1052 2890 πλείονα,
1082 2850 1162 2880 nec
1193 2840 1402 2890 poenitet.
1437 2862 1490 2869 —
1525 2840 1598 2881 VS.
1633 2840 1690 2880 88
1722 2839 1827 2879 κάτω
1857 2836 2012 2892 στρέφου

305 2907 366 2946 Bl.
401 2907 461 2947 Cf.
495 2917 628 2957 supra
658 2908 712 2947 ad
744 2908 944 2948 Alexidis
976 2907 1028 2948 fr.
1067 2909 1163 2948 116.

242 3012 481 3058 Timothei
514 3015 565 3056 fr.
603 3017 638 3066 1,
677 3018 713 3056 1.
756 3017 987 3058 Leniorem
1020 3016 1426 3066 Schweighaeuseri
1458 3015 1775 3057 correctionem
1806 3009 2015 3066 ἀποδόντ’,

301 3093 361 3122 sc.
396 3081 436 3121 τὸ
469 3082 641 3133 ἱμάτιον,
672 3085 819 3125 nescio
853 3094 908 3124 an
941 3084 1100 3125 merito
1133 3083 1351 3134 praeferat
1382 3083 1447 3125 Bl.

245 3149 311 3188 Fr.
345 3151 384 3188 4.
436 3150 477 3188 Si
522 3161 675 3191 revera
715 3153 784 3191 est
825 3152 980 3193 comici
1012 3151 1252 3202 Timothei,
1285 3151 1535 3192 necessario
1567 3152 1635 3191 est
1666 3147 2012 3201 paratragoedia.

305 3216 364 3256 Cf.
404 3217 554 3257 Kockii
589 3221 755 3259 notam.
