2216 3522
1070 193 1148 230 167

227 315 295 355 Fr.
328 316 428 365 481,
463 316 502 355 3.
537 316 711 365 Optime
744 316 893 355 Nauck
935 327 1012 365 pro
1048 315 1152 355 οἰκία
1184 317 1414 357 substituit
1446 317 1580 371 στέγη,
1612 322 1736 360 cuius
1768 322 1988 370 glossema

285 384 372 433 est,
417 386 466 422 ut
497 383 625 432 Soph.
658 384 768 423 Phil.
805 385 889 423 298
922 384 1058 423 schol.
1092 382 1206 436 στέγη
1237 395 1314 434 per
1346 384 1451 424 οἰκία
1484 387 1809 436 interpretatur.
1844 389 1987 437 Sequi-

285 451 374 490 oris
414 452 670 499 graecitatis
710 451 751 491 h.
786 463 820 491 s.
855 451 1116 491 vocabulum
1160 447 1267 498 οἶκος
1305 453 1597 494 substituerat
1627 456 1825 504 Bentley,
1859 467 1988 504 quem

285 516 587 567 imprudentes
634 519 830 559 Meineke
878 521 919 559 et
968 519 1090 559 Kock
1132 520 1272 559 secuti
1314 522 1430 560 sunt.
1479 521 1553 561 Vs.
1587 523 1612 560 3
1655 532 1719 570 sq.
1762 523 1894 571 igitur
1925 524 1989 562 sic

287 585 555 635 corrigendi:

640 652 755 706 στέγη
787 650 841 704 δ’,
872 651 914 692 ἐν
946 649 971 708 ᾗ
1002 651 1049 692 τὰ
1079 653 1210 692 πάντα
1242 654 1433 706 πρωτεύει
1464 655 1587 707 γυνή,

640 720 714 760 οὐκ
745 719 851 760 ἔστιν
881 719 906 771 ἥ
938 736 994 767 τις
1027 717 1170 760 πώποτ’
1207 720 1280 760 οὐκ
1312 719 1499 761 ἀπώλετο.

286 788 359 836 qui
389 789 539 828 tamen
570 788 711 828 mirus
742 790 812 828 est
845 788 1077 828 verborum
1109 789 1213 828 ordo
1244 799 1320 838 pro
1352 789 1455 828 hoc:

641 851 837 895 οὐπώποτ’
874 853 978 894 ἐστὶν
1010 854 1094 906 ἥτις
1126 854 1201 894 οὐκ
1232 854 1426 905 ἀπώλετο,

285 923 357 971 qui
390 923 487 962 vide
520 933 575 962 an
606 923 909 963 restituendus
940 923 1013 962 sit.

227 991 295 1030 Fr.
327 991 428 1039 488,
463 991 502 1029 2.
545 990 732 1029 κάκιστον
775 1001 852 1040 pro
899 988 1081 1042 μέγιστον
1123 990 1212 1028 iam
1254 991 1420 1039 pridem
1465 993 1658 1031 correxit
1704 993 1852 1032 Nauck
1893 993 1987 1032 Mel.

286 1057 345 1095 IV
370 1068 411 1106 p.
445 1058 545 1097 722.
578 1058 753 1106 Repetit
783 1059 831 1096 ut
863 1067 996 1096 suum
1028 1056 1231 1105 Blaydes.

227 1125 294 1164 Fr.
329 1125 414 1164 506
446 1135 502 1164 ex
534 1125 586 1164 fr.
620 1125 703 1164 537
739 1126 995 1174 corruptum
1027 1124 1211 1173 putabat
1243 1124 1395 1174 Cobet,
1429 1126 1642 1174 probante
1674 1127 1880 1166 Nauckio.

228 1193 294 1232 Fr.
328 1193 427 1242 509,
465 1193 503 1232 2.
561 1192 782 1244 γεραίτερος
839 1203 918 1242 pro
964 1190 1091 1244 γέρων
1139 1190 1259 1244 ἐρῶν,
1311 1193 1408 1232 coll.
1457 1193 1508 1232 fr.
1562 1195 1658 1243 136,
1710 1194 1866 1242 Naber,
1915 1195 1986 1241 qui

284 1259 467 1299 Nauckii
497 1260 602 1299 tulit
633 1270 881 1300 assensum.

231 1328 299 1367 Fr.
330 1328 430 1378 518,
469 1328 535 1367 13.
578 1323 761 1377 Propter
801 1323 1255 1381 npegidcoccrediderim
1288 1327 1420 1378 κίχλας
1453 1327 1494 1366 h.
1529 1327 1556 1366 l.
1590 1338 1675 1366 non
1708 1338 1840 1366 aves
1871 1338 1986 1376 esse,

287 1396 336 1435 ut
367 1395 550 1444 putabat
582 1395 626 1434 in
658 1396 806 1435 Indice
838 1395 1002 1445 Iacobi‚
1036 1395 1111 1434 sed
1143 1395 1344 1443 pisces.
1379 1395 1488 1443 Quia
1520 1394 1656 1433 codex
1689 1395 1726 1433 A
1762 1394 1892 1433 habet
1924 1393 1989 1432 καὶ

287 1461 533 1514 τραγήματα,
572 1462 667 1502 fieri
702 1464 865 1512 potest,
909 1464 959 1502 ut
1000 1462 1229 1514 τραγήματα
1270 1463 1540 1510 (suspectum
1578 1462 1712 1501 etiam
1745 1462 1990 1510 Blaydesio)

287 1531 346 1570 sit
385 1530 662 1580 glossatoris,
706 1531 903 1570 additum
937 1531 1112 1580 propter
1143 1540 1330 1578 sequens
1362 1530 1544 1569 verbum
1577 1529 1914 1581 τραγηματίζεται,
1948 1531 1990 1568 et

287 1600 415 1647 poeta
446 1597 612 1637 dederit
642 1608 683 1637 V.
703 1608 737 1637 c.
771 1596 836 1636 καὶ
873 1597 1162 1649 <τριχλίδας>.
1181 1620 1226 1625 —
1253 1598 1326 1637 VS.
1358 1598 1424 1636 14.
1458 1595 1588 1635 ἔπειτα
1620 1595 1714 1646 μετὰ
1740 1596 1903 1635 δεῖπνον
1930 1597 1989 1641 (at

287 1665 350 1704 ita
389 1664 635 1704 subiectum
678 1664 761 1704 erit
797 1662 821 1715 ἡ
863 1663 1124 1716 δημιουργὸς,
1155 1665 1267 1714 quod
1308 1664 1563 1710 absurdum)
1605 1665 1680 1703 aut
1723 1661 1743 1702 ὁ
1776 1663 1990 1713 δειπνήσας

287 1732 351 1771 Bl.
386 1732 467 1771 Sed
501 1731 553 1771 cf.
587 1732 723 1772 Kock.

229 1800 297 1839 Fr.
332 1799 432 1839 520.
466 1799 516 1837 In
548 1800 678 1848 poeta
709 1800 843 1839 attico
875 1799 1148 1849 requirebam
1180 1801 1264 1837 τοῖν
1297 1801 1342 1839 et
1371 1799 1537 1838 τούτοιν.

346 1867 542 1906 Incertae
582 1867 762 1915 originis
792 1867 1054 1916 fragmentis
1086 1867 1309 1906 Menandri
1342 1866 1528 1906 accessit
1559 1876 1582 1904 e
1614 1865 1861 1904 Philetaero
1893 1865 1988 1903 Vat.

287 1935 353 1974 ed.
395 1934 513 1974 Cohn
557 1935 601 1973 in
641 1935 748 1974 Mus.
788 1935 926 1975 Rhen.
966 1946 1004 1975 a.
1042 1935 1154 1974 1888
1186 1945 1226 1983 p.
1260 1935 1346 1973 415
1378 1934 1480 1973 hoc:
1520 1931 1723 1984 μειράκιον
1755 1930 1820 1970 καὶ
1852 1933 1989 1982 μεῖραξ

287 2000 478 2054 διαφέρει·
525 2001 729 2053 μειράκιον
776 1999 848 2052 μὲν
888 2001 962 2054 γὰρ
1005 1999 1025 2040 ὅ
1067 1999 1206 2052 ἄρρην·
1247 1999 1325 2039 ἔστι
1366 1997 1409 2039 δὲ
1449 1997 1602 2050 ἡλικίας
1645 1997 1792 2049 ὄνομα,
1825 1998 1876 2045 ὥς
1910 2013 1989 2037 που

288 2069 501 2110 διαστέλλει
534 2069 779 2122 Μένανδρος
812 2067 936 2121 λέγων

686 2160 768 2189 ῦ-
799 2136 968 2188 ἔφηβος,
1000 2135 1225 2187 μειράκιον,
1256 2133 1377 2186 ἀνήρ,
1408 2132 1546 2186 γέρων.

289 2206 592 2255 Suppleverim
619 2206 766 2255 potius
791 2204 962 2256 βούπαις
991 2214 1121 2252 quam
1149 2202 1325 2251 παιδίον,
1350 2202 1451 2242 licet
1478 2203 1523 2241 et
1547 2201 1654 2240 illud
1676 2201 1891 2240 incertum
1916 2200 1987 2239 sit.

230 2274 297 2313 Fr.
332 2274 431 2322 530,
465 2274 505 2312 8.
551 2272 743 2323 Τρόφιμε,
790 2272 886 2312 coll.
920 2272 1024 2319 531,
1062 2272 1081 2309 1
1127 2272 1172 2309 et
1217 2271 1282 2319 16,
1322 2271 1438 2309 recte
1470 2269 1548 2317 Bl.,
1583 2269 1655 2316 qui
1688 2278 1752 2306 vs.
1788 2268 1856 2315 21,
1890 2266 1992 2306 licet

289 2341 382 2390 ipse
429 2340 624 2380 conferat
669 2338 918 2390 ἀπομάσσειν
965 2339 1068 2383 (imo
1115 2335 1367 2387 ἀμομάττειν)
1413 2335 1535 2375 Dem.
1579 2346 1617 2384 p.
1661 2335 1760 2383 313,
1798 2335 1863 2383 17,
1906 2344 1990 2373 non

290 2408 431 2457 potuit
468 2407 687 2447 abstinere
730 2417 756 2446 a
795 2406 883 2446 levi
926 2405 1176 2445 coniectura
1215 2403 1556 2454 περιρανάτωσαν,
1595 2412 1726 2450 quam
1769 2402 1993 2450 praeterea

292 2476 413 2514 vetat
440 2485 503 2514 vs.
524 2476 592 2524 23,
621 2485 707 2514 non
734 2474 895 2513 melius
922 2474 965 2512 in
993 2483 1057 2511 vs.
1078 2473 1133 2511 23
1161 2471 1317 2520 φακούς
1345 2472 1523 2509 mutans
1550 2470 1594 2508 in
1621 2468 1743 2519 συχνά
1762 2469 1830 2507 vel
1847 2467 1990 2506 πυκνά.

232 2543 299 2582 Fr.
333 2543 432 2592 531,
472 2543 523 2582 13
541 2552 605 2590 sq.
639 2541 882 2590 Displicent
913 2550 1028 2580 nova
1053 2539 1273 2587 Blaydesii
1299 2549 1340 2588 p.
1360 2538 1445 2576 219
1475 2536 1732 2576 tentamina.
1753 2558 1803 2563 —
1828 2535 1900 2574 Vs.
1925 2535 1989 2573 18.

290 2610 578 2649 Abblanditur
620 2609 728 2648 mihi
772 2608 955 2647 Nauckii
995 2606 1248 2646 coniectura
1288 2601 1370 2643 ὥστ’
1417 2602 1494 2642 ἀνὰ
1536 2602 1686 2654 μέρος
1726 2617 1805 2641 που
1841 2601 1905 2641 καὶ
1949 2602 1991 2640 τὸ

291 2675 531 2727 λυπηρὸν
563 2674 668 2727 φέρε.

234 2745 301 2784 Fr.
334 2745 432 2793 532,
467 2745 506 2783 6.
541 2741 729 2790 ἐξετάζειν
757 2742 930 2790 (Bentl.)
962 2737 1043 2791 μήτ’
1081 2738 1224 2791 ἀθρεῖν
1256 2739 1340 2788 BL,
1375 2737 1551 2785 ἐξετάσαι
1583 2734 1666 2788 μήτ’
1708 2731 1861 2779 <οὖν>
1893 2736 1991 2775 ἰδεῖν

292 2812 412 2851 Ellis.
432 2834 480 2839 —-
506 2811 576 2850 Vs.
616 2812 681 2851 15.
714 2808 872 2861 ἀθρεῖτε
905 2819 1053 2848 meum
1086 2808 1239 2857 probat
1268 2806 1354 2855 Bl.‚
1383 2806 1536 2845 deinde
1564 2805 1758 2844 scribens
1784 2800 1821 2842 θ’
1842 2800 1992 2854 ἡλίκον.

234 2880 301 2919 Fr.
338 2880 437 2929 533,
472 2881 510 2918 6.
559 2878 707 2917 Nauck
749 2888 772 2917 e
814 2877 930 2916 Stob.
975 2876 1066 2915 flor.
1103 2876 1172 2924 86,
1218 2876 1242 2913 6
1286 2873 1515 2912 Substituit
1556 2870 1656 2923 ε”χοις
1689 2871 1787 2910 ἰδεῖν
1819 2868 1869 2908 ἂν
1901 2867 1988 2909 οὐδ’

293 2946 435 2996 εἰπεῖν,
475 2956 741 2995 quamquam
785 2944 958 2985 mavult
1000 2943 1124 2982 εἰπεῖν
1166 2940 1216 2980 ἂν
1258 2937 1344 2979 οὐδ’
1393 2940 1503 2979 ἰδεῖν.
1539 2963 1591 2968 -
1624 2940 1698 2979 Vs.
1742 2941 1782 2979 9.
1825 2938 1993 2978 Tuebar

290 3013 418 3062 φίλων
445 3011 610 3064 ἐρημίαν
643 3014 839 3061 („carent
870 3012 1026 3051 amicis
1058 3010 1367 3059 cognatisque,
1402 3018 1427 3047 a
1465 3007 1620 3056 quibus
1652 3008 1694 3047 id
1727 3007 1893 3046 discere
1924 3016 1991 3055 po·

293 3082 529 3126 tuissent”)
563 3082 607 3119 et
638 3090 813 3120 mecum
845 3079 908 3119 Bl.

235 3149 303 3188 Fr.
337 3149 437 3198 534,
472 3150 511 3188 5.
557 3142 672 3194 οὗτος
729 3150 845 3187 recte
889 3147 1036 3186 tuetur
1077 3144 1140 3183 Bl.
1190 3165 1245 3169 —
1288 3142 1359 3181 Vs.
1403 3143 1563 3181 9—11.
1616 3141 1699 3180 Vix
1731 3143 1847 3180 recte
1879 3140 1995 3179 delet

294 3215 435 3263 Kock;
479 3214 681 3263 equidem
722 3216 849 3254 teneo
893 3215 1085 3253 veterem
1131 3220 1274 3250 meam
1319 3210 1599 3249 sententiam.
1635 3230 1687 3237 —
1722 3208 1795 3247 Vs.
1832 3208 1897 3247 11.
1931 3206 1994 3246 Bl.
