2216 3522
1150 243 1202 284 18

412 371 680 412 lacertarum
728 369 974 410 fabularum
1022 367 1286 418 fragmentis
1328 377 1353 407 e
1394 366 1536 407 lexico
1577 366 1824 407 Sabbaitico
1862 377 1903 417 p.
1945 368 1987 419 3,
2029 367 2055 409 ’1

353 441 502 481 addita
533 440 639 478 sunt
669 437 776 478 haec
807 437 915 478 duo:

558 502 647 548 οὐδ’
682 504 736 553 είς
761 501 945 556 Ἑταίρας
977 509 1052 551 (sc.
1088 502 1335 555 Ἀφροδίτης)
1367 498 1457 542 οὐδ’
1492 502 1727 553 Ἀφροδίτου
1759 501 1928 551 πώποτε.

352 576 413 618 Cf.
442 578 513 617 Ar.
546 577 597 616 fr.
631 574 715 614 702
748 575 793 613 et
823 572 983 612 Athen.
1015 582 1056 622 p.
1091 572 1174 611 571
1194 570 1238 611 C.
1272 570 1469 610 Indidem
1503 580 1544 620 p.
1574 571 1653 611 22:

440 640 471 684 ὦ
505 643 668 694 Χάριτες
706 636 909 682 dieii>
947 637 1187 691 ἀφροδίσιον
1223 643 1381 679 <νΰν>
1416 634 1483 677 τιν’
1519 636 1714 689 ὑμέναιον
1746 636 1902 690 ὑμνεῖτε

1242 704 1507 759 [γεγαμηκότι.
1540 706 1770 757 Supplevit
1799 706 1935 748 Kock.

352 780 582 820 Praeterea
621 788 677 818 ex
719 776 871 816 Milleri
908 775 1093 824 Didymo
1125 784 1160 814 s.
1196 784 1236 814 v.
1270 771 1335 813 ἐπὶ
1365 772 1512 825 κόρρης
1543 774 1678 815 verba
1707 772 1775 813 καὶ
1809 773 2056 827 Φερεκράτης

349 851 395 889 et
428 847 563 888 schol.
596 846 770 895 Gregor.
803 844 991 884 Nazanz.
1025 842 1203 893 (Migne,
1236 841 1397 882 Patrol.
1440 841 1511 882 Gr.
1544 843 1616 893 36,
1657 843 1760 890 903)
1795 841 2055 895 Φερεκράτης·

350 914 640 967 μειξόφρυς
682 911 905 964 μέλαινα
948 909 1190 958 ἐπιεικῶς
1230 905 1330 949 κατ’
1365 908 1451 960 ἐμέ,
1491 911 1540 950 ut
1570 920 1648 960 pro
1679 909 1877 962 μιξόφρυξ
1908 919 2055 952 emen·

348 984 468 1024 davit
500 982 647 1022 Nauck
680 980 774 1021 Mel.
808 980 866 1019 VI
898 982 967 1021 69.
1001 979 1063 1020 Cf.
1099 979 1303 1019 Cratinus
1334 989 1399 1029 ap.
1434 978 1542 1019 Poll.
1575 978 1616 1019 H
1647 979 1720 1019 49.

292 1053 358 1092 Fr.
397 1053 493 1101 155,
526 1051 565 1090 2.
598 1046 700 1100 ἁνήρ
732 1049 824 1088 iure
856 1048 1042 1097 requirit
1072 1047 1137 1086 Bl.

291 1120 359 1159 Fr.
396 1119 491 1159 160.
524 1116 799 1158 contrariam
845 1115 1115 1155 sententiam
1154 1114 1270 1155 idem
1313 1114 1443 1154 affert
1486 1114 1646 1155 Laonis
1684 1114 1737 1155 fr.
1779 1115 1805 1154 2
1847 1114 1948 1161 (vol.
1989 1114 2054 1156 111

350 1197 388 1237 p.
422 1186 540 1235 382),
574 1184 645 1224 ubi
678 1185 766 1223 iam
799 1183 920 1223 Kock
952 1183 1068 1222 hunc
1098 1182 1373 1222 Pherecratis
1403 1182 1548 1222 locum
1581 1182 1750 1223 citavit.

292 1255 358 1295 Fr.
395 1255 490 1294 161.
533 1253 594 1292 De
634 1251 845 1290 σάιτεσθαι
885 1261 983 1290 cum
1025 1259 1123 1300 gen.
1165 1250 1230 1290 Bl.
1273 1250 1347 1290 cst.
1389 1250 1500 1291 Plat.
1539 1251 1615 1299 97;
1663 1250 1930 1301 Theopomp.
1970 1251 2053 1301 45;

349 1322 499 1361 Eubul.
534 1321 603 1369 42,
638 1321 686 1368 3;
728 1319 840 1359 Xen.
883 1319 1032 1368 Symp.
1066 1317 1124 1357 IV
1157 1319 1237 1372 643
1279 1318 1431 1368 Polyb.
1474 1318 1494 1357 I
1540 1319 1607 1369 19,
1654 1319 1721 1359 13.
1755 1341 1809 1347 —
1842 1317 2055 1360 Similiter

349 1389 536 1430 Herond.
581 1387 638 1427 IV
676 1388 729 1427 15
775 1397 851 1436 pro
887 1383 1184 1437 νενημένην
1224 1388 1388 1438 (χοῖρον)
1420 1388 1568 1437 πολλῆς
1609 1385 1799 1439 φορίνης,
1833 1386 2054 1436 quondam

348 1456 551 1507 proposui
593 1452 884 1506 σεσαγμένη
900 1469 931 1492 ν.
974 1453 1065 1503 Quo
1107 1464 1244 1494 sensu
1285 1454 1346 1494 ibi
1381 1453 1654 1506 νενεμημένην
1687 1454 1926 1495 Schneider
1960 1464 2058 1496 con·

349 1524 499 1564 iecerit
531 1533 617 1563 non
648 1523 824 1572 exputo.

292 1592 360 1632 Fr.
401 1592 497 1632 162.
531 1591 645 1640 Lege
679 1587 885 1643 ἠργάσω
917 1600 995 1640 pro
1028 1589 1207 1642 εἰργάσω.

291 1660 358 1700 Fr.
396 1661 491 1700 166.
524 1659 586 1699 Cf.
618 1657 772 1708 δαίμων
805 1657 994 1705 Κιλίκιος·
1028 1656 1091 1697 ἐπὶ
1121 1663 1199 1697 τῶν
1229 1655 1514 1709 ἀποτροπαίων
1543 1656 1618 1698 κτὲ.
1650 1659 1807 1700 Macar.
1838 1658 1939 1700 218.

293 1729 358 1768 Fr.
396 1728 492 1767 171.
678 1724 905 1765 ὑπέλυσε
931 1725 1131 1778 δήμαρχός
1162 1741 1219 1774 τις
1251 1724 1383 1766 ἐλθὼν
1419 1726 1475 1775 εἰς
1505 1725 1636 1779 χορόν.

348 1796 494 1845 Neque
518 1792 690 1834 ἀπέδυσε
722 1804 861 1844 neque
892 1791 1061 1834 ἀπέλυσε
1092 1795 1186 1841 (Bl.)
1219 1796 1370 1845 aptum
1404 1797 1486 1836 est.
1521 1794 1624 1836 Ooll.
1657 1794 1781 1835 Dem.
1809 1794 1909 1835 uid.
1935 1795 1962 1843 5
1980 1795 2052 1845 56,

348 1864 452 1904 olim
485 1863 647 1903 conieci
679 1860 952 1913 παρέλυσε.

291 1931 357 1971 Fr.
394 1932 490 1971 173.
729 1928 1075 1981 ἀνεμολύνθη
1106 1927 1180 1980 τὴν
1211 1928 1374 1982 ὑπήνην
1405 1936 1456 1985 τῷ
1489 1936 1610 1985 ναρῷ.

348 2000 606 2048 Suspectum
647 1998 756 2038 mihi
798 1997 979 2038 verbum
1023 1998 1318 2048 compositum
1351 2008 1569 2047 nusquam
1602 1997 1707 2038 alibi
1739 1997 1918 2038 lectum.
1951 1997 2049 2038 For·

348 2069 467 2107 tasse
496 2080 533 2115 ζ
563 2063 629 2115 ἄρ’
666 2064 955 2116 ἔμολύνθη,
988 2076 1028 2105 V.
1062 2076 1097 2106 c.
1132 2061 1193 2105 ὅδ’
1228 2061 1287 2115 ἄρ’
1322 2063 1530 2117 ἐμολύνθη
1562 2064 1637 2105 κτὲ.

289 2134 357 2174 Fr.
394 2135 489 2175 174.
527 2134 617 2183 „Ad
659 2133 867 2173 fabellam
908 2133 976 2174 (cf.
1018 2133 1203 2173 Phaedr.
1235 2133 1255 2172 Ι
1286 2133 1347 2182 9),
1390 2143 1524 2182 quam
1567 2133 1707 2174 altera
1736 2142 1926 2184 persona
1955 2141 2050 2174 nar·

346 2202 488 2251 rabat,
523 2202 739 2251 pertinere
770 2201 1011 2250 suspicor.’'
1046 2201 1093 2241 O.
1128 2200 1324 2241 Crusius.

288 2269 355 2308 Fr.
392 2263 489 2322 1713.
531 2269 660 2319 θερμά
697 2264 725 2307 τ’
767 2266 850 2316 ὄψα
892 2268 955 2308 Bl.
997 2278 1073 2318 pro
1110 2266 1242 2318 θερμὰ
1273 2266 1439 2319 λουτρὰ,
1478 2268 1592 2318 quod
1624 2268 1766 2309 multo
1797 2267 1972 2309 facilius
2001 2267 2047 2308 in

346 2332 456 2386 θέρμ’
504 2334 651 2386 ἄλευρα
697 2336 775 2382 (sic
814 2335 951 2380 Kock)
993 2336 1213 2386 corrumpi
1254 2337 1410 2386 potuit.
1454 2336 1548 2376 Hoc
1584 2326 1723 2377 unum
1755 2338 1925 2377 certum
1959 2337 2048 2387 est,

345 2404 605 2444 mendosum
638 2413 734 2444 esse
765 2402 922 2454 λουτρά.

288 2471 354 2510 Fr.
392 2472 486 2511 187.
520 2471 583 2511 Bl.
617 2468 828 2523 ἡγούμεθα
857 2468 863 2524 Ι
892 2475 1071 2521 σωτῆρας
1102 2465 1204 2510 εἶναι
1237 2476 1306 2522 τῆς
1338 2470 1488 2519 πόλεως
1521 2471 1669 2519 ταύτας
1705 2469 1863 2514 <ἀεί>.

287 2538 351 2578 Fr.
389 2539 483 2578 189.
519 2539 657 2587 Idem,
693 2538 805 2587 quod
837 2538 1028 2578 alienum
1061 2538 1120 2578 sit
1152 2548 1178 2578 a
1208 2539 1434 2579 comoedia
1465 2538 1677 2591 βότρυχος,
1715 2540 1884 2580 tentat:

579 2599 609 2644 ὦ
642 2605 890 2657 βοστρύχοισι
922 2605 1185 2653 ξανθοτάταις
1217 2612 1354 2656 κομῶν
1385 2600 1478 2648 „J-

344 2673 426 2712 Sed
460 2674 553 2723 ipsa
583 2674 713 2713 dictio
746 2673 889 2723 prodit
916 2673 1139 2721 parodiam
1173 2676 1250 2713 aut
1280 2674 1683 2724 paratragoediam,
1711 2671 2051 2724 anapaestisquo

344 2740 501 2780 melius
541 2741 747 2781 convenit
784 2751 913 2789 quam
948 2741 1127 2790 iambis,
1157 2741 1305 2791 itaque
1337 2741 1446 2782 bene
1478 2742 1621 2782 locum
1655 2741 1902 2782 correxisse
1933 2738 2046 2780 vido·

345 2810 416 2847 tur
448 2808 601 2857 Bergk.
2061 2795 2070 2799 ²

287 2873 353 2912 Fr.
389 2874 486 2913 218.
534 2874 751 2925 κλεπτίδης.
798 2875 1036 2926 Comparat
1076 2875 1140 2916 Bl.
1184 2876 1612 2929 πανουργιηπαρχίδης
1653 2877 1760 2918 Aah.
1802 2875 1908 2926 603,
1946 2871 2047 2915 ἀκο-

343 2940 608 2992 δρασιππίδης
641 2942 768 2993 Vesp.
809 2944 903 2993 185,
937 2943 1215 2993 στρατωνίδης.
1250 2944 1370 2985 Adde
1401 2944 1669 2996 μισθαρχίδης
1702 2943 1810 2985 Ach.
1845 2941 1946 2984 572.

285 3007 351 3047 Fr.
387 3009 485 3048 224.
532 3009 746 3048 πλατεάσαι
793 3011 974 3059 requirit
1022 3010 1191 3051 Kontos
1237 3014 1335 3063 Aoy.
1376 3007 1488 3063 Ἑρμ.
1535 3012 1554 3051 Ι
1600 3022 1640 3062 p.
1683 3013 1783 3061 315,
1833 3008 2046 3061 probante

344 3074 550 3115 Nauckio.

284 3141 350 3182 Fr.
385 3142 483 3182 225.
518 3143 677 3183 Eodem
709 3155 840 3184 sensu
874 3144 1054 3192 ποκάδας
1087 3145 1220 3186 Arist.
1254 3146 1432 3187 Thesm.
1467 3148 1568 3187 567.

286 3208 351 3248 Fr.
386 3209 484 3248 232.
527 3210 678 3248 σκιτών.
714 3211 775 3250 Bi.
804 3212 876 3251 cst.
916 3211 1108 3263 Λόρδων,
1152 3213 1309 3265 Τύχων,
1339 3213 1529 3263 πόσθων,
1559 3213 1711 3253 σάθων.
1745 3211 1868 3252 Adde
1899 3208 2045 3263 ἀνδρο-

342 3280 501 3324 udum,
536 3276 734 3327 γάστρων,
763 3279 947 3330 γνάθων,
980 3278 1133 3330 πέδων,
1164 3277 1391 3332 ὀψιττίδων,
1421 3283 1505 3322 etc.
1538 3281 1601 3322 Cf.
1636 3281 1800 3330 Naso,
1833 3279 1934 3320 sim.
