2216 3522
1062 222 1119 261 40

212 352 278 391 Fr.
316 352 411 392 192.
445 351 646 400 speciose
677 349 764 389 Bl.:

591 415 680 467 περὶ
710 422 781 456 τοῦ
813 415 888 469 γὰρ
920 414 1015 465 ὑμῖν
1048 412 1148 461 ἔστη
1180 411 1322 465 περὶ”
1300 428 1400 454 ονου
1431 419 1566 462 σκιᾶςς

266 486 423 525 deletis
455 485 599 525 verbis
630 484 651 523 ό
682 483 851 535 πόλεμος
883 488 979 531 νῦν,
1008 484 1058 521 ut
1081 481 1492 531 interpretamento.
1519 480 1603 522 crt.
1630 481 1705 531 Eq
1723 483 1795 523 87.
1821 482 1975 524 Simile

267 554 493 602 comparat
523 551 688 592 Cratini
718 551 771 591 fr.
810 550 891 591 163
923 547 1013 599 περὶ
1044 547 1236 600 σταγόνος
1267 548 1402 599 βοείας
1432 548 1664 600 μαχόμενος.

210 620 277 660 Fr.
313 620 409 669 198,
447 621 483 659 1.
516 619 917 658 Grammaticorum
950 616 1219 656 testimoniis
1244 616 1309 656 Bl.
1339 616 1460 656 addit
1484 615 1670 656 Philom.
1697 616 1802 656 Lex.
1827 626 1869 666 p.
1890 616 1974 658 125

267 692 338 726 τοῦ
370 684 412 725 δὲ
443 684 758 737 σορέλληνος
790 682 1034 735 σαφέστερον
1066 682 1120 730 εἰς
1154 683 1198 730 [l.
1227 681 1321 730 ἐστι]
1350 688 1518 734 σκῶμμα
1551 681 1596 722 τὸ
1632 681 1973 735 τυμβογέρων

267 752 375 804 παρὰ
405 760 456 807 τῷ
487 759 656 807 κωμικῷ.
691 775 744 782 -
782 752 853 791 VS.
887 753 927 791 6.
961 748 1227 802 τᾶποβήσεται
1268 750 1333 790 Bl.
1377 750 1450 791 cst.
1494 751 1577 791 AV.
1623 750 1737 790 1530
1778 751 1824 791 et
1861 749 1973 791 Ναὶ).

272 822 396 861 1174.
429 820 622 861 Permire
653 819 775 860 Kock
809 829 873 858 vs.
907 820 932 858 5
965 821 1010 858 et
1041 819 1068 858 6
1100 818 1274 867 Bergkii
1315 818 1616 858 coniecturam
1652 814 1899 870 ἀποβύσπαι
1928 819 1975 858 et

265 886 547 939 τάποβύσεται,
577 897 710 937 quam
741 888 834 936 ipse
867 887 959 926 iure
991 886 1245 936 damnavit,
1278 886 1444 936 recepit
1474 886 1519 925 in
1549 887 1739 926 textum.

211 957 279 996 Fr.
318 957 414 996 199.
447 955 686 995 Headlam:

476 1022 539 1062 σοὶ
570 1021 644 1075 γὰρ
676 1017 883 1072 σοφίσματ’
920 1019 1048 1069 ἔστινς
1084 1017 1221 1071 <ὅτ’>,
1253 1019 1329 1073 ἐγὼ
1354 1017 1603 1073 ’κτησάμην,
1631 1019 1707 1061 κτὲ.

268 1092 381 1141 quod
414 1087 461 1131 ὅτ’
499 1089 575 1143 ἐγὼ
602 1087 779 1141 ’κτώμην
811 1089 1044 1130 dicendum
1076 1089 1234 1130 fuerat.
1266 1089 1420 1129 Melius
1452 1089 1588 1130 Kock.

210 1160 277 1199 Fr.
312 1159 411 1208 200,
449 1160 484 1198 1.
526 1158 590 1198 Bl.
628 1158 702 1198 eft.
734 1157 905 1197 Alexid.
939 1157 1001 1196 ΙΙΙ
1033 1157 1120 1196 402
1155 1157 1240 1203 (M.)
1281 1154 1302 1195 ὁ
1344 1155 1607 1208 ζωμοτάριχος
1646 1155 1876 1208 ὑποκριτής.
1918 1177 1969 1185 -

267 1226 338 1266 Vs.
372 1227 411 1266 2.
444 1229 581 1272 κακοῖς
612 1236 689 1275 pro
721 1223 823 1263 κακὰ
855 1225 967 1264 citra
997 1224 1313 1264 necessitatem
1346 1224 1533 1265 coniecit
1562 1224 1693 1264 idem.

210 1295 277 1334 Fr.
310 1294 409 1333 203.
443 1293 505 1333 Bl.
538 1293 612 1333 cst.
647 1293 776 1342 Vesp.
813 1292 894 1332 737
929 1293 975 1332 et
1006 1291 1061 1331 ad
1092 1291 1144 1331 fr.
1179 1291 1264 1331 210
1296 1290 1428 1342 Vesp.
1465 1292 1564 1332 124.

211 1363 277 1402 Fr.
312 1363 412 1401 204.
462 1361 659 1411 „Allusio
701 1370 799 1400 esse
841 1359 1015 1399 videtur
1057 1359 1111 1399 ad
1151 1359 1415 1400 macilentos
1456 1359 1558 1399 illos
1598 1359 1772 1409 legatos
1811 1358 1887 1408 qui
1920 1357 1976 1398 ad

268 1430 427 1469 Orcum
461 1439 487 1469 a
516 1428 659 1478 poetis
689 1428 852 1468 Atticis
883 1427 1067 1467 demissi
1098 1437 1198 1467 esse
1230 1426 1485 1477 finguntur’'
1517 1427 1582 1467 Bl.
1625 1426 1671 1466 Si
1701 1426 1859 1467 allusio
1889 1427 1976 1471 est.

269 1497 454 1536 obscura
485 1498 554 1536 est
585 1495 845 1535 admodumi

212 1565 280 1604 Fr.
315 1564 414 1604 205.
447 1563 569 1603 Idem
601 1563 655 1603 cf.
692 1562 844 1602 Eubul.
882 1562 966 1602 100
999 1563 1043 1602 et
1073 1561 1247 1602 Alexid.
1281 1562 1352 1602 60.

212 1633 279 1671 Fr.
314 1632 414 1671 209.
447 1630 656 1681 Proponit
686 1625 821 1682 ἔγνωκ’
852 1627 927 1682 ἐγὼ
959 1629 1046 1676 (vel
1077 1627 1232 1681 ἔγνωκα
1261 1627 1352 1681 γὰρ)
1381 1628 1388 1680 Ι
1415 1627 1459 1668 τὸ
1494 1627 1657 1681 χαλκίον
1681 1623 1794 1668 τοῦθ
1823 1626 1979 1667 ἱστάναι

269 1697 336 1738 καὶ
368 1698 564 1750 μυρρίνας
591 1697 598 1748 Ι
627 1697 673 1736 τὰ
703 1697 933 1749 κοτταβεῖα,
963 1697 1060 1737 0011.
1094 1696 1205 1737 Plat.
1238 1697 1309 1747 46,
1344 1696 1384 1736 7.

211 1767 278 1807 Fr.
314 1768 413 1807 214.
446 1766 596 1806 Placet
626 1766 823 1806 eiusdem
857 1768 911 1815 (p.
947 1766 1047 1812 305)
1075 1766 1330 1806 coniectura
1354 1763 1447 1816 οὔκ,
1472 1762 1571 1804 ἀλλὰ
1596 1762 1712 1804 τοῦτό
1738 1759 1771 1816 γ’
1789 1759 1976 1815 ἡπίχυσις

267 1840 338 1874 τοῦ
379 1834 558 1886 χαλκίον,
598 1834 835 1883 displicent
875 1843 986 1882 quae
1018 1833 1248 1883 proposuit
1278 1832 1496 1873 violenter
1526 1843 1567 1882 p.
1601 1831 1676 1882 58,
1719 1840 1800 1872 nec
1829 1839 1977 1871 neces·

267 1902 435 1941 sarium
466 1901 639 1941 videtur
670 1897 770 1940 τοῦτ’
806 1897 877 1939 ἔστ’
913 1904 968 1950 (p.
1004 1901 1119 1946 805).

210 1969 278 2009 Fr.
310 1970 409 2018 216,
443 1970 483 2008 3.
530 1967 802 2020 Συβαριτικάς
842 1964 868 2007 τ’
915 1966 1082 2019 εὐωχίας
1124 1967 1279 2007 malim
1322 1977 1423 2007 cum
1465 1967 1530 2007 Bl.
1573 1965 1738 2007 Contra
1773 1963 1978 2017 Λεσβίδας

266 2039 485 2088 (γυναῖκας)
520 2036 717 2076 Pherecr.
752 2036 792 2076 11
825 2036 910 2075 339
952 2045 1038 2075 non
1076 2035 1348 2076 mutaverim
1386 2045 1487 2076 cum
1519 2035 1674 2076 eodem
1704 2034 1750 2074 in
1785 2031 1977 2086 Λεσβίοις.

208 2104 275 2143 Fr.
310 2104 409 2143 217.
445 2104 744 2143 Praecessisse
776 2100 897 2142 οὐδὲν
928 2101 1022 2142 ἄλλο
1055 2103 1311 2153 suspicatur
1341 2102 1407 2143 Bl.

210 2171 277 2211 Fr.
312 2171 412 2210 218.
445 2170 526 2211 Cft.
560 2171 710 2221 Eupol.
745 2171 859 2220 338;
892 2170 1049 2211 Eubul.
1083 2171 1152 2221 37,
1189 2171 1229 2210 2.

211 2238 278 2278 Fr.
313 2238 411 2278 221.
446 2237 565 2278 Citat
596 2237 645 2278 G.
678 2238 731 2278 Μ.
766 2238 967 2278 Schmidt
998 2238 1051 2278 de
1081 2237 1252 2287 Dithyr.
1286 2248 1326 2287 p.
1361 2238 1461 2278 258.

211 2306 277 2346 Fr.
312 2306 410 2346 228.
444 2306 508 2346 Bl.
542 2301 658 2345 σκόλι’
689 2304 784 2344 ἅττα
815 2303 1060 2356 κάλκμᾶνος,
1091 2305 1190 2346 0011.
1222 2305 1373 2355 Eupol.
1411 2306 1508 2356 189,
1537 2305 1630 2355 ipr
1660 2307 1810 2345 tamen
1835 2303 1980 2345 citans

270 2373 420 2423 Eupol.
455 2374 554 2413 280.

210 2439 277 2480 Fr.
311 2441 410 2480 224.
443 2439 646 2491 ἱμερόεντα
679 2440 890 2490 Hilbergii
922 2442 993 2480 est
1025 2441 1295 2491 coniectura,
1329 2442 1379 2481 ut
1411 2440 1585 2481 monuit
1615 2438 1780 2480 Nauck.
1879 2493 1883 2496 Δ

211 2507 278 2546 Fr.
313 2508 412 2547 242.
450 2507 510 2547 De
542 2504 814 2559 ὀρτυγοκόπον
855 2507 1006 2548 Nauck
1043 2508 1151 2548 citat
1191 2508 1329 2548 schol.
1373 2508 1447 2548 Ar.
1490 2507 1572 2548 Av.
1620 2507 1747 2557 1297,
1795 2506 1860 2547 sic
1904 2516 1976 2547 ex·

268 2574 435 2624 pletum
495 2585 521 2614 a
574 2574 736 2615 Cobeto
795 2574 1080 2627 Ἀριστοφάνης
1130 2573 1208 2615 <gv
1268 2578 1509 2615 Δαιταλεῦσι
1563 2573 1630 2614 καὶ
1681 2573 1889 2614 maim»
1934 2570 1978 2614 ἕν

273 2642 493 2694 Περιάλγει.

212 2709 280 2749 Fr.
315 2709 414 2749 248.
594 2714 729 2748 κακῶν
761 2709 962 2749 τοσούτων
1005 2707 1193 2762 ξυνελέγη
1225 2724 1293 2761 μοι
1326 2709 1575 2761 σώρακος.

271 2772 370 2826 Παρ’
408 2775 602 2816 ὑπόνοιαν
634 2777 827 2817 comicus
858 2777 972 2817 dixit
1003 2776 1182 2829 σώρακος
1213 2788 1290 2827 pro
1322 2777 1460 2830 σωρός.
1493 2777 1557 2818 Cf.
1590 2777 1704 2818 Plut.
1741 2777 1828 2818 270
1859 2786 1978 2829 κρεσ-

270 2844 444 2894 βυτικῶν
480 2842 552 2894 μὲν
593 2838 668 2884 οὖν
698 2849 872 2883 κακῶν
915 2840 1024 2896 ἔγωγ’
1060 2842 1199 2896 ἔχοντα
1232 2844 1399 2895 σωρόν
1431 2847 1475 2885 et
1507 2845 1593 2885 804
1625 2842 1723 2896 ἡμῖν
1752 2842 1828 2898 γὰρ
1859 2842 1978 2897 ἀγα-

270 2914 379 2949 θῶν
410 2911 571 2961 σωρὸς
604 2910 642 2958 ἐς
674 2910 745 2962 τὴν
777 2910 908 2951 οὶκίαν
936 2911 942 2963 Ι
973 2909 1276 2951 ἕπεισπέτταικεν
1309 2910 1429 2952 οὐδὲν
1462 2910 1710 2964 ἠδικηκόσιν.

213 2978 279 3017 Fr.
313 2978 411 3017 249.
431 2973 461 3016 ὦ
493 2977 579 3027 μέλε
611 2990 686 3028 pro
718 2976 784 3029 ἐμὲ
815 2979 1003 3019 coniecit
1035 2979 1099 3019 131.
1136 2979 1311 3029 Optime
1344 2979 1478 3020 Cobet
1515 2978 1633 3028 <ἐς>
1671 2976 1748 3031 ἐμὲ.

213 3044 279 3084 Fr.
315 3045 412 3084 267.
463 3045 525 3084 Bl.
573 3046 699 3086 malit
739 3045 845 3093 τινός
887 3056 964 3096 pro
1004 3044 1066 3085 ἑνί
1103 3047 1183 3093 (sic
1223 3046 1388 3087 Porson
1431 3057 1507 3097 pro
1545 3046 1633 3094 ἔνι).
1670 3046 1827 3097 Quidni
1855 3044 1978 3094 ἑνόςῖ

274 3111 392 3150 Idem
436 3112 559 3151 Add.
602 3124 640 3161 p.
673 3114 759 3154 305
801 3111 890 3160 ἑνός
922 3112 965 3165 γέ
996 3127 1086 3163 που,
1127 3113 1226 3154 coll.
1271 3114 1470 3155 Pherecr.
1506 3115 1576 3155 77.
1612 3115 1693 3155 Sed
1729 3116 1847 3155 recte
1878 3113 1976 3155 Por·

271 3188 366 3218 son.
402 3179 463 3218 Cr.
499 3179 632 3219 Kock.

215 3245 281 3285 Fr
314 3246 412 3285 270.
448 3246 528 3285 Pro
562 3246 760 3286 Meinekii
793 3248 1045 3289 coniectura
1076 3233 1418 3318 &expovuapfvovc
1444 3249 1551 3290 facit
1577 3249 1777 3290 Pherecr.
1804 3249 1855 3290 fr.
1878 3249 1976 3290 105.
2043 3203 2116 3327 ⁶7
