2216 3522
1051 197 1132 237 169

273 317 606 358 dubitationem.
650 319 921 360 Coniecturis
963 321 1177 361 Headlam
1219 322 1337 360 addit
1379 321 1827 369 Wyttenbachianum
1869 321 1922 367 εἷς
1954 319 1974 360 ὃ

274 385 352 434 δεῖ,
390 387 503 434 quod
535 387 619 436 ipsi
649 388 888 438 persuasit,
922 399 1002 428 nec
1033 389 1232 437 displicet
1264 389 1387 428 mihi.

214 452 283 492 Fr.
316 454 415 502 542,
453 454 489 493 1.
523 450 719 494 ἀδικοῦντ’
756 452 874 502 ἀξίως
907 456 970 496 Bl.
1005 478 1059 484 —-
1092 456 1165 495 VS.
1194 458 1233 495 5.
1266 454 1349 494 ἐπεὶ
1380 458 1472 501 (aut
1503 454 1571 500 ἔτι)
1604 457 1736 506 μεῖζον
1768 456 1898 495 idem.

213 520 280 559 Fr.
299 521 412 571 ³544,
447 514 486 562 2⁷.
527 521 645 573 ἰχθῦς
692 523 776 573 ΒΙ.,
820 524 893 572 qui
934 535 1020 564 non
1067 524 1179 564 male
1216 531 1287 563 vs.
1323 526 1348 563 3
1393 524 1594 573 coniecit,
1639 524 1779 564 deleto
1818 523 1972 563 αὐτῶνε

272 585 469 640 ἀκρασίαν
499 589 551 628 τώ
582 604 622 628 τε
653 590 752 630 πόδε
783 589 849 630 καὶ
886 587 1036 642 <τὴν>
1074 590 1251 643 γαστέρα.
1284 593 1445 641 Aperte
1478 592 1596 631 enim
1628 602 1715 630 non
1749 591 1892 640 agitur
1915 592 1974 630 de

275 655 483 704 Syrorum
526 657 977 709 incontinentia,
1011 660 1088 699 sed
1121 660 1172 700 de
1205 660 1352 699 mala
1384 660 1675 698 humorum
1709 659 1972 698 mixtura.

273 723 434 763 Lenius
474 726 623 764 tamen
664 726 747 765 erit
783 727 1051 767 remedium:
1084 725 1283 766 ἄτοπον
1315 727 1444 776 (quod
1476 737 1550 776 pro
1583 725 1716 765 αὐτῶν
1748 726 1836 765 iam
1870 726 1974 765 olim

273 791 407 836 suasi)
454 789 649 842 ἀκρασίαν
698 793 820 841 [τοὺς]
869 793 1000 842 πόδας
1046 793 1113 833 καὶ
1155 793 1334 847 γαστέρα.
1377 795 1478 834 Sine
1522 794 1705 833 articulo
1746 793 1892 843 πόδας,
1926 795 1975 832 ut

273 858 538 908 Antiplianis
570 860 620 900 fr.
660 862 755 911 102,
792 863 831 911 3,
876 864 920 901 et
961 861 1148 914 γαστέρα,
1188 864 1236 902 ut
1273 863 1583 911 Aristophanis
1614 862 1665 900 fr.
1698 862 1803 910 475,
1837 871 1974 909 neque

273 926 452 966 omnino
483 927 546 966 ita
577 939 674 968 raro
706 934 854 978 partes
881 931 1072 979 eorporis
1098 930 1281 970 articulo
1309 932 1471 969 carent.
1500 930 1581 969 Hic
1608 929 1802 968 confusio
1820 929 1974 967 utrius·

273 1003 355 1041 que
386 991 555 1044 ἀκρασία
588 1006 722 1035 causa
753 997 861 1045 fuit,
884 1008 960 1036 cur
986 997 1079 1044 τοὺς
1112 998 1461 1047 interpolaretur.
1496 997 1569 1036 Vs.
1603 999 1643 1036 5.
1675 998 1901 1036 καθεῖσανὶ)
1921 1019 1973 1024 -

272 1060 336 1099 Bl.
369 1061 412 1099 Si
444 1063 547 1109 quid
579 1064 861 1112 mutandum,
895 1065 991 1113 lege
1022 1068 1211 1103 καθῖσαν.

212 1128 281 1167 Fr.
325 1130 424 1168 545.
482 1130 543 1169 De
599 1131 763 1171 infelici
820 1132 975 1172 Kockii
1027 1133 1273 1172 tentamine
1320 1133 1500 1172 omnino
1548 1133 1632 1171 vid.
1682 1132 1830 1171 Nauck
1878 1132 1973 1171 Mel.

274 1195 331 1234 VI
368 1207 408 1245 p.
453 1198 548 1237 118.
618 1211 620 1214 ·

215 1263 281 1303 Fr.
315 1265 414 1313 546,
450 1266 474 1303 2
507 1276 571 1314 sq.
605 1266 785 1316 Egregie
817 1268 967 1307 Nauck
999 1269 1095 1308 Me'l.
1122 1269 1164 1307 II
1190 1279 1228 1317 p.
1253 1270 1353 1318 335,
1383 1268 1479 1308 coll.
1510 1268 1630 1307 Dion.
1658 1269 1755 1307 Hal.
1784 1269 1896 1306 Hist.
1918 1267 1975 1305 IV

272 1341 313 1380 p.
347 1332 446 1382 267,
482 1333 530 1371 9:

598 1399 664 1439 ὗιὰ
695 1399 768 1451 τὴν
798 1401 1022 1449 λαλίαν(’.))·
1057 1401 1147 1453 ὅρος
1179 1401 1253 1454 γὰρ
1286 1400 1442 1449 αὔλειος
1474 1403 1584 1453 θύρα

598 1466 787 1522 ἐλευθέρᾳ
817 1468 980 1520 γυναικὶ
1010 1468 1329 1520 νενόμισται
1360 1470 1491 1520 βίου.

270 1533 315 1572 in
347 1534 502 1582 quibus
535 1536 587 1575 de
618 1537 774 1585 primis
800 1539 971 1577 tantum
999 1537 1145 1577 verbis
1171 1548 1279 1577 num
1307 1540 1425 1576 recte
1453 1538 1647 1577 coniecta
1674 1538 1764 1576 sint
1789 1536 1976 1575 dubitari

271 1603 430 1649 potest.
462 1599 582 1651 Ὅρος
629 1604 763 1643 etiam
807 1604 940 1644 Cobet
981 1605 1242 1655 coniecerat,
1278 1605 1355 1644 sed
1386 1605 1537 1645 Nauck
1570 1605 1848 1644 confirmaVIt
1880 1604 1972 1642 Phi-

272 1668 386 1707 lonis
417 1669 566 1708 Iudaei
599 1670 692 1709 loco
729 1671 770 1710 ΙΙ
800 1682 840 1720 p.
875 1672 974 1711 327.

217 1734 285 1774 Fr.
321 1736 421 1785 547,
455 1738 481 1776 8
513 1747 576 1786 sq.
610 1738 759 1777 Placet
790 1738 945 1778 Kockii
975 1740 1280 1788 transpositio:

628 1802 815 1856 ἅνυμφος
847 1800 982 1857 οὗτος,
1012 1804 1256 1857 ἀνυμέναιος
1287 1804 1478 1853 ἅθλιος
1497 1808 1543 1852 (Ῥ)

626 1871 883 1924 καταστροφὴ
914 1879 986 1925 γῆς
1019 1870 1224 1912 ἕπικαλεῖτ’
1261 1872 1303 1912 ἐν
1335 1876 1414 1919 τοῖς
1448 1871 1535 1912 ἐκεῖ.

269 1938 346 1977 sed
378 1939 520 1978 multo
554 1940 700 1979 minus
732 1941 929 1981 eiusdem
961 1941 1214 1981 coniectura
1244 1939 1414 1990 κάφιλὴς
1452 1941 1521 1979 vel
1563 1943 1738 1990 propter
1779 1941 1974 1980 additum

271 2005 357 2055 καί,
397 2016 478 2045 nec
510 2007 619 2046 mihi
651 2009 917 2057 persuadent
957 2019 1067 2057 quae
1098 2010 1325 2058 praeterea
1357 2008 1552 2047 coniecta
1583 2010 1703 2058 sunt,
1738 2018 1792 2047 ex
1823 2007 1978 2056 quibus

272 2073 419 2113 nescio
466 2084 520 2113 an
567 2075 786 2124 optimum
829 2076 888 2115 sit
929 2077 1042 2125 quod
1088 2076 1125 2115 J.
1145 2075 1188 2116 C.
1208 2076 1363 2125 Naber‚
1414 2075 1631 2115 Samuelis
1679 2076 1857 2114 Adriani
1896 2074 1974 2123 fil„

271 2142 541 2190 excogitavit
572 2140 800 2193 ἀθάλαμος,
831 2143 994 2182 lectum
1030 2144 1203 2191 quidem
1236 2153 1455 2192 nusquam
1489 2143 1565 2182 sed
1597 2142 1704 2182 bene
1739 2143 1975 2182 formatum

272 2209 547 2249 vocabulum.
576 2210 750 2249 Interea
777 2211 875 2250 vide
903 2221 1046 2250 annon
1074 2211 1178 2250 ferri
1203 2211 1343 2259 possit
1370 2209 1576 2260 ἅθλιος,
1602 2210 1747 2249 addito
1774 2210 1975 2258 articulo,

272 2275 310 2314 si
341 2276 508 2315 omissa
540 2278 662 2317 omni
693 2278 976 2318 distinctione
1014 2278 1238 2327 legamus:

510 2340 697 2394 ἅνυμφος
729 2339 845 2391 οὗτος
877 2343 1119 2395 ἀνυμέναιος
1152 2344 1344 2390 ἅθλιος

508 2410 760 2463 καταστροφὴ
792 2417 864 2463 γῆς
897 2408 1097 2451 ἐπικαλεΐί
1136 2409 1368 2458 (ἀποκαλεῖὲ
1405 2412 1517 2457 Bl.‘?)
1557 2410 1598 2451 ἕν
1630 2416 1709 2459 τοῖς
1741 2411 1830 2462 ἐκεῖ,

273 2476 299 2515 i.
333 2487 370 2516 e.
418 2489 601 2518 vuxore
650 2480 1074 2528 hymenaeoque
1131 2490 1348 2529 carens,
1407 2480 1629 2528 patriae
1687 2480 1976 2529 pernicies

273 2544 362 2584 hic
393 2545 564 2586 miser
597 2549 833 2587 vocatur
865 2548 917 2587 in
951 2548 1091 2587 illis.
1130 2547 1239 2597 Quid
1272 2547 1391 2587 enim
1423 2547 1523 2586 huic
1555 2548 1799 2587 sententiae
1831 2547 1976 2587 obstet

274 2621 360 2651 non
393 2613 532 2652 video.
964 2623 969 2630 ·

215 2678 282 2718 Fr.
317 2680 416 2729 550,
452 2681 491 2719 2.
540 2680 766 2730 Virgulam
809 2681 926 2721 delet
966 2681 1029 2721 Bl.
1073 2682 1342 2730 coniungens
1381 2680 1535 2731 δαίμων
1571 2703 1621 2709 -
1655 2679 1822 2732 ἀγαθός.
1855 2682 1974 2721 idem

273 2748 420 2786 utrum
448 2748 682 2788 Menander
709 2760 764 2789 ex
796 2750 985 2789 Senecae
1017 2750 1144 2799 epist.
1183 2750 1284 2798 110,
1319 2759 1372 2788 an
1406 2749 1476 2788 hic
1503 2760 1558 2788 ex
1590 2749 1663 2788 illo
1696 2749 1976 2797 corrigendus

269 2814 328 2853 sit
374 2815 570 2864 ambigit.
618 2817 706 2865 Ego
753 2817 857 2866 quin
905 2817 1192 2866 praeferenda
1232 2818 1291 2856 sit
1331 2816 1572 2865 elegantior
1613 2817 1835 2855 Menandri
1867 2828 1976 2865 quae

271 2882 459 2922 traditur
491 2883 621 2923 lectio
653 2884 910 2936 μυσταγωγός
941 2895 1027 2924 non
1060 2884 1222 2924 dubito.

212 2948 279 2987 Fr.
313 2950 412 2989 551.
446 2948 655 3001 ἐννοητέον
683 2950 781 2991 θεόν
813 2962 968 3001 parum
1001 2952 1282 3001 probabiliter
1316 2951 1486 2990 Palmer
1519 2951 1630 3000 apud
1663 2951 1726 2991 Bl.
1755 2950 1973 2990 Coniectu-

268 3017 348 3066 τῖε,
382 3017 420 3056 si
447 3018 559 3057 tanti
592 3020 690 3068 ests
715 3019 823 3059 adde
854 3018 954 3058 θεὸν
991 3019 1189 3059 <δοκῶ>.
1221 3019 1281 3058 De
1309 3018 1526 3067 personali
1554 3018 1658 3057 δοκῶ
1686 3019 1819 3059 etiam
1842 3020 1975 3058 attice

272 3087 481 3134 usurpato
513 3086 689 3134 saepius
722 3087 808 3126 iam
842 3087 1007 3126 monui.

213 3150 280 3190 Fr.
315 3153 414 3200 553,
450 3154 489 3191 4.
540 3154 654 3192 Ante
701 3154 763 3193 ΒΙ.
812 3155 961 3193 monui
1009 3157 1126 3193 recte
1169 3154 1414 3193 Dobraeum
1459 3151 1510 3199 ὡς
1558 3154 1603 3192 in
1645 3151 1710 3191 καὶ
1757 3156 1972 3203 mutasse,

273 3219 462 3263 pessime
493 3219 708 3259 Kockium
742 3221 784 3260 in
816 3226 912 3270 σῶς,
953 3222 996 3260 et
1028 3221 1193 3260 temere
1227 3220 1340 3259 hunc
1373 3220 1609 3259 coniecisse
1646 3220 1974 3272 προσλαμβάνῃς,
