2216 3522
1107 191 1168 246 12,

252 320 318 359 Fr.
351 322 452 360 444.
485 319 622 370 σκῖρον
653 321 772 359 recte
803 317 868 359 Bl.

251 388 317 427 Fr.
351 389 451 427 448.
479 379 674 435 Κρατῖνος
699 386 899 427 Meinekii
928 386 1225 426 coniecturam
1253 394 1351 424 esse
1375 382 1453 435 πρὸ
1477 382 1594 431 ῑπνός
1620 386 1666 424 et
1691 383 1839 434 potius
1859 382 2009 433 Steph.

309 455 410 504 Byz.
444 466 483 505 p.
518 455 617 502 599,
656 455 706 494 17
740 465 775 494 s.
811 464 851 494 v.
882 455 1059 503 ταμιεῖον
1091 452 1319 493 citandum
1350 451 1487 492 fuisse
1513 450 1687 492 monuit
1716 449 1879 490 Nauck.

367 522 510 562 Habet
541 523 710 562 lexicon
743 521 1025 562 sabbaticum
1057 532 1098 571 p.
1131 520 1248 571 4,13
1281 517 1575 569 ἀψευδέστατος
1600 518 1751 569 μάντις.
1778 519 1975 569 Κρατῖνος

632 621 768 639 υ..ψ
799 589 869 628 τὸν
899 587 1000 628 θεὸν
1031 584 1070 628 δ’
1107 587 1204 639 ἐμοῦ
1235 587 1370 628 κλύων
1401 585 1491 639 σέβε

634 655 687 704 ὡς
718 655 813 696 ὄντα
836 655 1108 699 <πάντωνῨ>
1145 655 1288 707 μάντιν
1320 652 1628 704 ἀψευδέστατον.

307 726 389 766 Sed
429 727 577 775 procul
618 725 749 765 dubio
790 735 876 765 non
918 725 1036 765 recte
1077 725 1184 764 haec
1223 723 1477 764 tribuuntur
1507 721 1700 763 Cratino.
1732 720 1795 762 cf.
1827 721 1926 762 Eur.
1957 721 2011 763 fr.

311 794 424 833 1110
456 789 580 843 ch²,
612 793 684 833 ubi
716 792 844 832 Blass
875 796 920 833 et
950 792 1100 833 Nauck
1131 792 1328 842 cogitant
1359 792 1412 831 de
1443 790 1706 831 Archilocho
1733 791 1925 831 auctore.
1954 811 2007 819 -—

306 862 482 911 Legitur
513 862 556 900 in
588 861 739 901 eodem
775 861 917 901 lexico
948 871 988 910 p.
1025 861 1062 911 1,
1100 861 1152 900 12
1185 858 1484 910 abtdvopacff).
1521 859 1731 910 Κρατῖνος.

363 929 456 969 1)υο
501 939 617 968 nova
655 929 907 977 fragmenta
946 927 1151 968 Cratinea
1193 927 1375 977 protulit
1415 927 1460 967 L.
1493 925 1615 967 Gohn
1651 926 1697 966 in
1729 925 1838 966 Mus.
1869 924 2009 967 Rben.

306 997 389 1036 vol.
423 997 493 1046 43,
527 1008 568 1047 p.
601 997 851 1036 413—418.

243 1130 399 1175 Gratis
429 1132 481 1172 fr.
519 1134 555 1172 1.
598 1133 731 1173 Recte
769 1132 988 1173 iudicasse
1029 1133 1202 1172 videtur
1233 1132 1394 1182 Bergk,
1437 1141 1518 1172 nec
1549 1130 1825 1171 admittenda
1854 1129 2011 1171 Kocin

303 1200 565 1241 coniectura.
608 1200 669 1241 Cf.
695 1202 840 1241 etiam
871 1201 960 1251 Bl.,
1003 1201 1077 1250 qui
1107 1201 1159 1241 fr.
1195 1203 1221 1241 ὃ
1262 1201 1355 1240 iure
1395 1199 1595 1250 postulat
1631 1197 1887 1249 λυχν(ε)ίδια,
1914 1207 2008 1248 pro-

303 1270 400 1319 pter
446 1268 637 1308 Pollucis
686 1268 818 1309 verba
863 1268 988 1319 δῆλον
1036 1267 1094 1308 ὅτι
1138 1269 1279 1320 λυχνία
1326 1270 1500 1320 (λυχνεῖα
1512 1268 1547 1314 ‘?)
1605 1266 1779 1317 εἴρηκεν,
1825 1261 1906 1306 ἀλλ’
1957 1264 2008 1306 οὗ

303 1336 475 1387 λύχνους
506 1336 672 1387 μικρούς
705 1339 775 1382 (=
794 1335 962 1387 λύχνια).

244 1404 311 1443 Fr.
345 1405 386 1444 6.
419 1403 754 1456 καρδαμογλύφος
786 1404 1086 1454 reponendum
1118 1406 1246 1454 putat
1276 1404 1340 1444 Bl.
1373 1403 1547 1444 Dubito.

244 1472 311 1511 Fr.
346 1472 385 1511 7.
419 1472 465 1511 L.
512 1474 766 1521 πεττονομεῖν
812 1482 890 1522 pro
936 1475 1167 1523 πεσσομεῖν,
1212 1472 1297 1511 nisi
1341 1471 1456 1512 forte
1501 1471 1651 1521 glossa
1698 1470 1838 1520 petita
1875 1470 1946 1510 est
1983 1479 2008 1510 e

302 1539 481 1588 parodia
508 1539 690 1589 tragica.

244 1607 310 1646 Fr.
343 1607 370 1646 8
406 1608 480 1647 vix
510 1607 719 1647 sanabile.
753 1608 870 1648 More
901 1618 981 1648 suo
1012 1609 1158 1648 tentat
1188 1607 1406 1657 quaedam
1436 1607 1502 1647 Bl.

244 1675 311 1714 Fr.
344 1677 383 1724 9,
419 1675 458 1715 2.
509 1675 626 1715 Olim
673 1676 838 1715 conieci
886 1674 1045 1725 ἀθάρης
1092 1671 1136 1720 τ’.
1178 1676 1256 1715 sed
1295 1676 1415 1715 recte
1455 1685 1504 1715 se
1545 1674 1677 1714 habet
1718 1673 1901 1723 vulgata
1937 1677 2007 1724 τῆς

300 1740 478 1794 ἀθάρης,
507 1744 581 1793 qui
612 1745 682 1784 est
710 1744 945 1793 genetivus
976 1744 1226 1793 partitivus.

244 1810 310 1850 Fr.
349 1811 415 1850 10.
462 1810 530 1849 τὸν
577 1807 705 1862 αὐχέν’
771 1810 822 1850 ἐκ
864 1817 954 1863 γῆς
997 1810 1142 1859 ἀνεκὰς
1158 1811 1214 1858 εἰς
1246 1810 1394 1859 αὐτοὺς
1424 1809 1595 1863 βλέπων.
1635 1809 1751 1849 Nihil
1784 1809 2008 1849 lucramur

302 1878 521 1927 Blaydesii
563 1879 673 1919 coni.
716 1877 917 1929 στρέφων,
957 1890 1044 1920 non
1085 1879 1205 1919 enim
1246 1879 1391 1929 magis
1432 1878 1497 1919 sic
1537 1877 1808 1927 intellegitur
1842 1874 1886 1916 ἐκ
1914 1880 2008 1929 γῆς,

301 1956 413 1995 quae
445 1949 514 1986 est
544 1947 642 1987 vitii
673 1948 817 1988 sedes.
850 1948 900 1987 In
933 1949 1139 1998 promptu
1167 1950 1236 1988 est
1266 1947 1440 1987 sincera
1470 1946 1601 1986 lectio
1633 1943 1780 1993 ἕξεις.

244 2013 309 2053 Fr.
348 2015 413 2053 13.
451 2014 689 2055 Verissime
721 2015 785 2055 Bl.
819 2015 932 2066 ῥιπὶ
963 2026 1040 2066 pro
1072 2014 1199 2068 ῥιπίδι
1231 2018 1275 2055 et
1307 2017 1462 2065 poetae
1494 2016 1539 2054 et
1570 2012 1736 2053 Polluci
1767 2010 1967 2052 reddidit.

243 2080 309 2120 Fr.
347 2083 413 2131 14,
446 2083 485 2121 5.
529 2081 640 2122 Cum
681 2083 835 2123 eodem
876 2083 972 2133 lege
1013 2085 1114 2136 καλῇ
1146 2098 1202 2130 τις
1234 2083 1303 2123 vel
1335 2085 1500 2133 καλῆται
1531 2091 1609 2132 pro
1639 2082 1741 2135 καλῇ
1771 2078 1818 2118 τί.
1849 2078 2007 2119 Trans·

299 2149 547 2197 ponendum
568 2171 571 2174 ·
590 2160 689 2190 esse
732 2161 795 2190 vs,
836 2154 852 2191 1
888 2153 992 2191 ante
1023 2152 1049 2191 6
1082 2151 1190 2191 olim
1221 2150 1406 2200 conieci,
1440 2150 1579 2190 latere
1609 2149 1759 2189 autem
1791 2147 1875 2187 sub
1904 2146 2007 2197 αὕτη

300 2215 666 2267 instrumentum,
700 2219 828 2268 quale
859 2220 929 2259 est
958 2218 1117 2270 ψυκτήρ
1149 2218 1220 2259 vel
1250 2217 1419 2269 κρατήρ,
1444 2217 1542 2258 coll.
1568 2215 1705 2257 schol.
1732 2214 1845 2255 Plat.
1871 2213 2007 2254 Gonv.

301 2284 437 2323 213ss
477 2288 521 2324 et
563 2285 709 2326 Indice
749 2286 913 2327 Iacobii
952 2296 988 2326 s.
1022 2297 1062 2327 v.
1095 2285 1266 2337 ψυκτήρ.
1310 2286 1394 2326 Sed
1434 2284 1685 2338 conservari
1725 2283 1887 2333 poterit
1916 2281 2006 2322 vul-

299 2351 418 2399 garis
458 2353 580 2403 ordo,
614 2354 651 2392 si
683 2364 784 2394 cum
817 2354 1099 2403 Headlamio‚
1133 2354 1231 2394 coll.
1265 2354 1527 2394 Pherecrate
1559 2354 1629 2402 45,
1662 2361 1741 2402 pro
1773 2350 1875 2402 αὕτη
1906 2349 2005 2390 ecri-

302 2419 442 2467 pseris
489 2418 672 2469 δεῖπνον,
718 2424 795 2461 aut
842 2421 955 2472 κλίνη
1003 2432 1103 2461 cum
1149 2421 1213 2461 Bl.
1250 2444 1303 2450 —
1337 2421 1411 2460 Vs.
1460 2421 1513 2460 10
1563 2418 1757 2470 ἀλείφων,
1797 2428 1859 2459 sc.
1891 2415 2008 2472 ἐλαίῳ

302 2486 495 2527 defendit
536 2487 735 2539 Crusius,
774 2489 855 2542 sed
892 2492 1148 2539 suspectum
1191 2491 1344 2529 manet
1384 2489 1428 2528 in
1470 2488 1652 2537 antiquo
1692 2486 1861 2527 comico
1896 2485 2010 2537 sing.

303 2551 386 2594 ἁλί.
426 2555 540 2603 quod
583 2566 668 2596 non
711 2559 860 2597 tuetur
901 2557 1172 2607 Megarensis
1213 2557 1354 2597 oratio
1385 2557 1480 2596 loco
1511 2554 1772 2606 praesertim
1804 2552 1935 2593 dubio
1964 2551 2008 2592 in

302 2622 681 2672 Acharnensibus;
740 2635 819 2664 nec
865 2628 1016 2664 tamen
1064 2622 1151 2663 ἁλσὶ
1199 2623 1338 2671 πάσεις
1384 2623 1567 2670 (Elmsl.)
1617 2622 1765 2662 ferunt
1820 2619 2007 2661 numeri.

301 2687 504 2728 Fortasse
536 2691 671 2740 igitur
701 2691 1097 2741 obtemperandum
1139 2691 1304 2732 Kockio
1336 2691 1545 2731 scribenti
1577 2689 1784 2736 ὄιαπάσεις
1815 2687 2011 2740 ἀλεύροις.

246 2755 310 2794 Fr.
350 2756 414 2796 15.
453 2758 489 2797 7.
540 2759 653 2798 Ante
694 2759 758 2799 Bl.
803 2759 1111 2799 commendavi
1158 2758 1357 2812 σφόγγος,
1400 2761 1446 2798 et
1490 2758 1541 2798 fr.
1593 2758 1660 2807 16,
1700 2756 1726 2797 2
1773 2754 2008 2808 περιουσίαν

303 2822 457 2871 Cobet,
492 2825 610 2873 prob.
640 2826 848 2867 Nauckio.

245 2889 311 2928 Fr.
353 2892 415 2937 12⁶1,
451 2893 490 2931 5.
525 2892 658 2933 Recte
689 2892 855 2946 θοῦόωρ
888 2893 1064 2943 corrigit
1097 2893 1182 2943 BL,
1216 2892 1334 2934 male
1364 2893 1592 2942 requirens
1621 2889 1802 2943 ἀνεχέτω.

245 2957 310 2996 Fr.
350 2959 414 3006 17,
451 2960 489 2998 2.
530 2960 704 3009 Optime
750 2966 838 3001 τοῦ
884 2976 922 3001 τε
964 2961 1147 3012 ταρίχους
1190 2961 1306 3001 idem
1347 2970 1424 3011 pro
1466 2960 1610 3010 τούς,
1652 2959 1848 3000 abundat
1888 2957 2008 2998 enim

301 3025 529 3074 articulus,
565 3028 648 3066 nisi
681 3028 740 3068 sit
770 3039 869 3078 gen.
902 3028 1150 3078 partitivus.
1183 3027 1246 3068 Cf.
1277 3038 1412 3077 supra
1442 3027 1494 3067 fr.
1522 3028 1562 3077 9,
1589 3027 1628 3067 2.
1658 3026 1731 3067 Vs.
1758 3027 1800 3067 4.
1832 3023 1930 3066 οὐδέ
1964 3037 2009 3078 yn

304 3092 446 3143 χορδὰς
481 3094 594 3133 idem
628 3096 788 3144 partim
822 3107 923 3136 cum
957 3095 1135 3136 KockiO.

248 3158 313 3198 Fr.
348 3161 416 3200 20.
451 3161 604 3202 Melius
636 3164 700 3203 Bl.
733 3161 951 3215 ὀκτώβολοί
979 3167 1057 3204 aut
1087 3160 1188 3203 ὀκτὼ
1219 3160 1366 3216 ὀβολοί.

247 3225 275 3263 F
281 3237 312 3264 r.
348 3229 417 3267 23.
450 3230 576 3275 παίζει
603 3226 636 3268 δ’
664 3251 716 3260 --
733 3234 936 3279 φιλοῦσαι)
965 3233 1144 3272 revocat
1164 3230 1228 3272 Bl.
1249 3253 1303 3261 —
1321 3230 1424 3281 Pag.
1446 3231 1542 3271 138.
1572 3227 1848 3269 PHTOPGIN
1867 3226 2010 3268 0818το
