2216 3522
1079 193 1160 231 201

507 309 643 351 πάντ’
679 311 931 366 ἠγνόουν,
962 315 1004 355 τὸ
1035 316 1171 366 καλόν,
1202 315 1244 355 τὸ
1277 316 1435 366 σεμνόν,
1468 315 1662 369 τάγαθόν,
1698 315 1800 368 <ἣ>

508 380 550 419 τό
582 380 719 420 κακόν·
750 380 825 420 κτὲ.

307 445 523 497 Headlam
566 448 639 488 eft.
679 449 781 488 Hor.
814 450 887 499 Ep.
923 451 941 488 I
974 451 1012 500 2,
1047 452 1097 499 3;
1131 451 1251 500 Diog.
1284 452 1330 491 L.
1364 452 1442 490 VII
1478 454 1513 502 1,
1548 454 1616 492 98.
1654 475 1705 480 —-
1742 453 1811 490 Vs.
1846 455 1871 489 9
1904 464 1994 499 sqq.

299 513 369 552 sic
399 513 674 564 scripserim:

594 588 672 622 νῦν
705 580 742 622 δ’
778 581 922 623 ἐνθάδ’
958 583 1104 635 ἐλθών,
1135 585 1264 638 ὥσπερ
1297 586 1351 632 εἰς
1386 589 1622 637 Ἀσκληπιοῦ

509 650 563 689 10
595 647 1017 702 ἒγκατακλινείς,
1049 650 1110 698 ὡς
1142 652 1271 703 ἴστε,
1303 649 1396 704 μετ’
1433 651 1614 705 ὀλίγον
1646 653 1788 704 χρόνον

592 715 858 770 ἀναβεβίωκα·
889 726 1108 771 περιπατῶ,
1139 723 1264 770 λαλῶ,
1294 727 1445 772 φρονῶ.

591 783 680 824 τὸν
711 786 954 836 τηλικούτων
985 786 1052 826 καὶ
1084 787 1274 827 τοιούτων
1306 787 1421 838 ἥλιον

593 858 689 891 νῦν
722 859 910 893 τοῦτον
943 853 1090 906 εὑρών,
1121 853 1282 906 ἄνδρες,
1314 853 1356 894 ἐν
1387 862 1434 910 τῇ
1465 855 1633 906 τήμερον

590 919 694 970 ὑμᾶς
726 918 844 973 ὁρῶ,
875 921 962 961 τὸν
994 921 1299 974 ἀστερωπὸν
1331 921 1610 974 αἰθέραθ),

590 986 663 1038 τὴν
695 986 934 1040 ἀκρόπολιν,
964 990 1006 1029 τὸ
1039 988 1211 1040 θέατρον
1230 1021 1374 1028 ......

297 1051 341 1090 in
372 1052 529 1100 quibus
555 1054 714 1095 ultima
737 1057 954 1106 sagaciter
979 1067 1033 1096 ex
1055 1058 1228 1096 traditis
1258 1072 1419 1108 ορωτο
1447 1073 1540 1096 νυν
1571 1070 1742 1105 νσιραι.
1762 1057 1812 1094 τὸ
1829 1073 1847 1094 ν
1870 1055 1992 1107 ἀέρα

301 1118 451 1158 elicuit
491 1120 725 1173 Headlam,
770 1124 865 1163 coll.
908 1125 1006 1164 Eur.
1039 1125 1129 1164 Ion.
1168 1126 1293 1175 1079,
1330 1124 1445 1173 cycl.
1482 1126 1580 1173 211,
1615 1124 1710 1163 Hel.
1745 1125 1843 1172 242,
1878 1134 1990 1172 prae—

294 1187 416 1226 terea
446 1198 693 1237 proponens
723 1189 815 1237 τοὺς
848 1189 1031 1241 ἀστέρας,
1062 1191 1130 1230 τὸν
1163 1190 1319 1243 αἰθέρα.
1351 1192 1425 1231 Vs.
1463 1194 1529 1231 10.
1563 1192 1664 1241 Pap.
1701 1190 1993 1241 ἐγκατακλιθείς

291 1253 434 1293 forma
478 1257 664 1307 tragica,
714 1268 789 1306 pro
837 1269 922 1306 qua
963 1260 1177 1298 comicam
1219 1260 1414 1308 restitui,
1460 1262 1652 1299 correcta
1692 1259 1823 1297 simul
1865 1259 1991 1297 inter·

292 1322 540 1369 punctione.
582 1324 721 1363 Prave
762 1326 878 1364 enim
921 1326 1042 1365 Kock
1084 1326 1300 1375 virgulam
1343 1327 1554 1366 omissam
1597 1328 1694 1375 post
1733 1325 1810 1363 ἴστε
1851 1325 1994 1374 posuit

292 1391 391 1437 post
422 1389 577 1440 χρόνον.
613 1414 666 1420 —-
699 1392 774 1432 Vs.
812 1394 878 1432 12.
922 1394 1075 1433 Nescio
1108 1404 1163 1432 an
1195 1404 1352 1433 sanum
1394 1395 1453 1433 sit
1484 1392 1616 1444 ἥλιον,
1650 1403 1726 1442 pro
1758 1403 1840 1440 quo
1872 1391 1991 1430 Kock

292 1457 479 1497 coniecit
518 1455 679 1508 ἡδονῶν
720 1462 951 1505 (νυντοντον
992 1460 1211 1510 refingenS
1254 1462 1298 1500 in
1339 1461 1558 1510 ξύνοικον),
1602 1471 1684 1509 quo
1715 1461 1890 1499 servato
1922 1458 1992 1507 τὴν

293 1526 462 1564 mutavi
493 1527 536 1565 in
567 1526 636 1566 τὸν
668 1529 712 1567 et
744 1543 960 1568 νυντοντον
990 1530 1033 1568 in
1058 1535 1135 1567 νῦν
1165 1534 1323 1578 τοῦτον,
1354 1529 1613 1577 intellegens
1645 1528 1828 1572 (Stoicae
1859 1526 1990 1574 philo-

291 1594 483 1642 sophiae)
515 1595 691 1635 solem
723 1607 907 1636 rerum
935 1598 1223 1636 tantarum
1257 1598 1309 1636 et
1340 1597 1559 1643 talium,
1595 1596 1757 1643 quanta
1782 1595 1826 1633 et
1851 1594 1991 1642 qualis

291 1663 360 1700 est
410 1663 600 1711 cognitio
646 1664 836 1714 pulchri,
885 1663 1005 1713 boni,
1055 1664 1307 1713 venerandi,
1357 1664 1604 1712 oppositum
1653 1662 1887 1710 caligini
1934 1659 1989 1706 (τὸ

294 1729 430 1776 σκότος
463 1740 527 1770 vs.
547 1731 607 1780 6),
635 1731 679 1770 in
706 1740 791 1778 qua
817 1731 947 1770 homo
975 1732 1105 1770 antea
1130 1731 1271 1770 fuerat
1298 1733 1511 1770 versatus.
1541 1730 1613 1768 Vs.
1637 1730 1701 1767 10.
1735 1727 1787 1774 ὡς
1814 1728 1891 1765 ἴστε
1914 1724 1987 1776 μετ’

290 1793 423 1848 ὀλίγον
464 1807 540 1846 pro
582 1795 756 1836 ὡσνισθε
795 1800 981 1836 τολοιπον
1022 1798 1176 1837 Kockii
1219 1800 1287 1837 est
1318 1798 1568 1837 coniectura
1599 1797 1708 1835 satis
1739 1795 1988 1844 probabilis,

290 1864 367 1903 sed
412 1870 567 1915 φρονῶ,
614 1866 726 1913 quod
774 1866 818 1904 in
859 1871 1024 1915 φρονῶν
1066 1866 1286 1915 mutabat,
1331 1876 1428 1904 cum
1462 1865 1524 1904 Bl.
1557 1863 1849 1903 revocandum
1893 1873 1989 1901 esse

289 1932 452 1971 censui.
488 1955 540 1961 —
574 1932 647 1972 Vs.
681 1934 720 1972 6.
753 1933 1003 1972 Notandum
1034 1932 1075 1971 τὸ
1108 1932 1262 1980 σκότος,
1304 1933 1415 1981 quod
1448 1932 1560 1981 apud
1597 1933 1766 1970 veteres
1799 1930 1988 1968 comicos

288 2000 333 2038 et
362 2000 554 2048 tragicos
586 2000 883 2039 masculinum
915 2010 1012 2039 esse
1044 2000 1169 2039 solet.

231 2065 298 2105 Fr.
336 2067 430 2116 105,
461 2068 499 2106 2.
534 2067 767 2116 Headlam,
812 2068 907 2107 coll.
952 2067 1173 2106 Menandri
1206 2067 1256 2106 fr.
1286 2067 1385 2115 521,
1416 2068 1454 2115 2,
1490 2066 1673 2105 coniecit
1705 2060 1804 2114 ὑπὲρ
1836 2060 1984 2112 <μὲν>

288 2139 370 2171 τοῦ.
400 2156 451 2162 -
481 2134 635 2174 Kockii
676 2135 1031 2184 supplementum
1065 2136 1166 2174 ante
1195 2145 1257 2173 vs.
1296 2136 1315 2172 1
1361 2135 1452 2172 iure
1484 2132 1701 2181 improbat
1726 2130 1891 2179 Nauck,
1926 2130 1988 2169 Bl.

289 2202 489 2249 proponit
519 2198 598 2239 ἀλλ’
634 2201 692 2240 ὅτι
723 2201 810 2248 (vel
836 2202 884 2247 εἰ)
910 2207 1098 2240 τοσοῦτον
1125 2200 1273 2239 ἐκπιεῖν
1297 2200 1519 2250 δυνήσεται.
1540 2222 1592 2227 -
1612 2199 1684 2237 Vs.
1703 2200 1742 2236 4.
1761 2197 1987 2248 τούβο[λοῦ]

288 2267 463 2316 supplet
513 2269 747 2315 Headlam,
798 2269 893 2308 coll.
937 2269 1091 2308 Eubuli
1124 2269 1173 2308 fr.
1208 2269 1277 2317 81,
1314 2270 1352 2308 5.
1389 2290 1441 2295 —
1475 2267 1549 2306 Vs.
1584 2267 1623 2305 8.
1668 2264 1855 2314 oinistqv]
1890 2275 1986 2303 cum

289 2333 467 2385 Cobeto,
515 2338 592 2374 aut
636 2334 798 2382 οὐκέ[τι]
848 2335 911 2375 Bl.
958 2358 1006 2363 —
1059 2335 1131 2374 VS.
1180 2336 1230 2374 12
1279 2346 1342 2383 sq.
1391 2336 1432 2372 B.
1482 2333 1654 2379 ὄώδεκα;
1685 2332 1689 2382 Ι
1723 2328 1985 2382 <λελόγισ>τ’

288 2398 461 2451 ἀκριβῶς
492 2400 567 2440 nni.
599 2403 814 2442 Headlam
848 2406 891 2442 et
919 2413 983 2442 vs.
1006 2404 1058 2442 13
1079 2406 1114 2440 A
1133 2433 1246 2440 .....
1278 2401 1364 2449 [εἰ]ς
1391 2399 1648 2451 δια[τ]ροφὴν
1676 2404 1788 2445 (cum
1818 2399 1989 2443 Cobeto)

289 2466 418 2518 ἀνδρί.
453 2470 494 2507 Β.
527 2468 594 2508 καὶ
626 2468 701 2509 κτέ.
733 2472 777 2510 et
809 2481 874 2510 VS.
908 2472 973 2510 14.
1009 2468 1180 2517 [ἕκατὸ]ν
1215 2468 1345 2521 [λέγ]ω
1376 2475 1560 2508 πεινῶντι
1592 2467 1729 2518 π[ε’ρας
1761 2466 1849 2515 ἕξει]
1878 2467 1989 2513 ποτέ,

289 2546 399 2583 quae
424 2536 622 2576 sollerter
650 2538 883 2577 admodum
912 2538 1161 2586 excogitata
1192 2538 1308 2576 sunt.
1340 2559 1375 2563 —·
1407 2536 1479 2575 Vs.
1512 2536 1578 2574 18.
1612 2537 1765 2574 Latere
1797 2535 1986 2583 aliquam

288 2602 475 2642 formam
522 2604 606 2643 adi.
654 2604 997 2655 τρισκακοδαίμων
1044 2614 1173 2643 nemo
1221 2614 1304 2642 non
1354 2603 1488 2651 videt,
1531 2603 1606 2641 sed
1648 2612 1863 2650 quaenam
1905 2602 1988 2640 dici

289 2671 455 2720 nequit,
490 2670 636 2719 itaque
670 2681 783 2710 vana
815 2673 919 2710 sunt
950 2671 1167 2719 Blaydesii
1201 2680 1375 2709 versum
1410 2669 1609 2718 explendi
1642 2670 1898 2707 tentamina.
1935 2691 1985 2696 —

290 2737 338 2776 In
381 2738 540 2786 pagina
582 2748 710 2777 versa
752 2739 913 2778 codicis
955 2739 1072 2777 aliud
1105 2739 1403 2787 fragmentum
1436 2736 1540 2775 XIII
1573 2746 1778 2775 veisuum
1811 2736 1916 2784 legit
1947 2739 1991 2775 et

289 2804 509 2852 supplevit
564 2805 808 2855 Jernstedt,
868 2806 979 2854 quod
1027 2815 1126 2844 cum
1175 2804 1406 2844 lectoribus
1453 2804 1796 2843 communicavit
1841 2803 1988 2842 Nauck

291 2872 386 2911 Mel.
422 2872 479 2910 VI
512 2883 552 2921 p.
590 2874 685 2912 155.

230 2939 297 2978 Fr.
335 2939 416 2978 106
449 2949 512 2987 sq.
564 2939 680 2988 Quae
727 2942 826 2989 post
866 2940 915 2979 fr.
954 2940 1035 2979 105
1079 2940 1254 2984 (1—13)
1297 2939 1406 2987 apud
1450 2939 1722 2991 Athenaeum
1771 2938 1985 2986 leguntur,

288 3006 442 3055 ipsius,
491 3016 576 3045 non
624 3010 777 3055 poetae
818 3007 1002 3046 alicuius
1046 3006 1176 3045 verba
1218 3016 1316 3045 esse
1359 3006 1521 3054 optime
1561 3006 1776 3044 indicasse
1817 3006 1987 3044 videtur

291 3073 500 3113 Meineke.
538 3095 589 3101 —-
627 3074 697 3113 Vs.
736 3075 802 3113 10.
836 3074 998 3125 μετρίως
1031 3084 1106 3122 pro
1139 3071 1295 3123 μέτριον
1328 3074 1507 3121 requirit
1540 3073 1601 3111 Bl.

232 3139 298 3179 Fr.
337 3140 431 3188 108,
470 3141 506 3179 1.
539 3140 603 3179 Bl.
647 3141 912 3180 contendens
953 3141 1064 3190 apud
1097 3141 1285 3179 comicos
1318 3138 1423 3185 ὅπως
1457 3150 1554 3178 cum
1589 3140 1697 3178 coni.
1732 3140 1825 3177 sino
1857 3139 1983 3186 parti-

289 3205 387 3246 cula
426 3203 476 3244 ἅν
516 3206 618 3247 ferri
659 3217 745 3247 non
786 3218 933 3257 posse,
978 3209 1152 3256 recepta
1183 3207 1274 3247 cod.
1309 3209 1356 3245 A.
1389 3206 1561 3246 Stobaei
1594 3206 1796 3254 lectione,
1832 3206 1984 3253 corrigi
