2216 3522
1054 239 1129 281 16]

271 362 519 414 peccatum,
571 362 680 404 nihil
730 365 878 415 aptius
926 366 1052 406 video
1107 377 1239 416 quam
1295 367 1515 416 Blaydesii
1555 364 1818 419 ἀνελπίστων,
1858 365 1969 418 quod

270 432 422 471 tamen
452 442 479 471 a
509 432 671 472 tradita
700 433 918 482 scriptura
947 434 1082 474 nimis
1113 434 1263 474 distat.

214 497 358 549 imas
369 502 402 538 1.
419 499 574 539 Melius
590 499 754 539 Kockio
770 501 1037 541 sententiam
1054 502 1332 551 perspexisse
1348 502 1458 541 mihi
1470 502 1642 542 videtur
1659 503 1706 543 O.
1720 503 1878 551 Hense,
1898 504 1971 552 qui

273 558 374 616 post
390 577 454 606 vs.
476 568 496 606 1
515 567 654 607 sumit
677 567 900 618 lacunam,
927 579 1015 608 non
1041 569 1158 608 enim
1186 571 1255 609 est
1280 569 1384 609 iusti
1408 580 1504 609 sors
1531 580 1754 619 semper
1779 571 1970 620 spoliari.

215 633 321 674 Post
350 634 402 674 fr.
435 635 522 674 300
552 635 833 675 inserendum
864 636 916 676 fr.
954 637 1081 687 1026,
1114 647 1153 686 q.
1188 647 1228 676 v.
1277 639 1302 693 f,

218 702 284 743 Fr.
317 704 418 753 301,
452 704 491 743 2.
535 703 840 744 Necessariam
880 714 977 743 esse
1017 705 1409 754 transpositionem
1439 708 1518 743 τῶν
1548 700 1641 743 καθ’
1675 701 1827 757 ἡμέραν
1857 704 1979 758 ἀναγ-

274 770 420 822 καίων,
449 771 652 820 quamvis
682 772 872 820 negante
904 771 1085 820 Kockio,
1128 772 1341 820 hodieque
1372 772 1571 822 arbitror,
1611 773 1979 821 quemadmodum

276 848 364 878 non
394 839 543 878 dubito
574 839 678 887 quin
709 838 984 878 Philetaerus
1015 839 1067 878 fr.
1098 840 1136 888 7,
1171 840 1197 878 2
1229 839 1454 888 scripserit
1481 838 1550 878 τὸν
1574 835 1667 878 καθ’
1696 836 1849 891 ἡμέραν
1876 840 1981 891 βίον,

278 906 547 946 assentiente
578 906 663 955 Bl.,
705 906 779 954 qui
809 916 916 945 mox
949 916 1012 946 vs.
1046 906 1072 945 8
1106 916 1184 955 pro
1215 902 1308 956 μηδ’
1355 906 1448 946 11110
1479 907 1660 955 requirit
1690 903 1790 957 μήτ’,
1824 908 1983 947 iniuria

277 984 382 1014 vero
415 985 478 1014 vs.
512 975 538 1013 9
570 987 664 1012 ποτε
693 984 771 1023 pro
810 972 945 1023 πάλιν,
975 976 1237 1023 suspectans
1268 974 1556 1014 sanissimum
1590 971 1713 1025 ἡμῶν.
1745 975 1794 1014 Ι11
1828 985 1890 1015 vs.
1929 977 1978 1014 11

278 1042 396 1082 idem
426 1041 581 1091 probat
609 1051 761 1081 meum
792 1043 918 1080 τοῖσιν
949 1039 1089 1093 ἔργοις.

220 1110 290 1150 Fr.
323 1110 424 1159 302,
460 1110 497 1149 1.
528 1105 649 1147 οὐδὲν
678 1104 868 1158 λελήθασ’
904 1105 1014 1155 ὄντες
1046 1108 1261 1148 violenter
1291 1108 1355 1148 Bl.
1390 1108 1511 1148 Idem
1547 1119 1612 1149 vs.
1646 1110 1671 1148 5
1703 1109 1859 1159 probat
1890 1121 1930 1149 v.
1952 1110 1981 1150 1.

280 1175 354 1226 τὴν
384 1176 536 1227 θύραν.

221 1245 290 1284 Fr.
323 1244 424 1294 303,
459 1244 499 1283 2.
799 1240 904 1294 μένω
934 1241 1009 1295 γὰρ
1043 1241 1082 1290 ἐξ
1114 1241 1406 1294 ἕχθιζινοῦ.

275 1307 481 1351 Ἐωθινοῦ
526 1311 621 1351 sine
668 1311 934 1350 necessitate
980 1311 1045 1351 Bl.
1087 1311 1264 1360 Forma,
1323 1311 1527 1359 quamvis
1577 1321 1663 1350 non
1710 1312 1811 1351 alibi
1858 1313 1983 1353 hodie

281 1388 507 1419 occurrere
548 1379 761 1428 videatur,
803 1389 939 1428 aeque
975 1379 1110 1428 proba
1141 1381 1210 1419 est
1242 1389 1293 1418 ac
1324 1378 1513 1429 χθιζινός.
1562 1379 1750 1420 Omnino
1793 1381 1981 1420 confera-

273 1448 345 1486 tur
371 1447 502 1486 docta
526 1447 767 1496 disputatio
793 1446 838 1485 in
865 1446 1076 1496 Stephani
1099 1446 1227 1486 Thes.
1256 1446 1322 1485 ed.
1340 1445 1466 1485 Dind.
1483 1455 1519 1485 s.
1538 1457 1579 1486 v.
1598 1446 1699 1485 VIII
1715 1458 1756 1496 p.
1780 1448 1905 1487 1484.
1927 1471 1979 1476 —

280 1514 347 1554 Ad
379 1523 444 1553 vs,
481 1515 501 1552 1
532 1524 597 1562 sq.
630 1515 730 1563 apte
761 1513 826 1553 Bl.
860 1513 934 1553 cft.
967 1514 1076 1553 Ran.
1110 1514 1211 1553 367.
1469 1558 1477 1564 .

221 1581 289 1621 Fr.
322 1582 424 1621 304.
457 1581 645 1621 Probata
674 1581 825 1621 Cobeti
856 1581 1107 1621 coniectura
1144 1576 1352 1619 <τί>ποθ’
1389 1578 1559 1631 ἕξουσιν,
1589 1581 1693 1621 011111
1726 1583 1952 1631 proposui:

1169 1647 1290 1702 <.1<'‘>
1326 1646 1399 1698 τὴν
1429 1647 1630 1699 πονηρίαν

434 1714 612 1766 ἀτυφίαν
644 1713 833 1766 νομίσαι.1
863 1715 902 1754 τί
928 1711 1020 1754 ποθ’
1055 1713 1214 1763 ἕξουσιν
1244 1714 1389 1766 πέρας;
1419 1714 1481 1755 Cf.
1514 1715 1566 1755 fr.
1599 1716 1699 1765 418,
1735 1717 1775 1756 2.

284 1783 392 1833 Quid
434 1784 518 1823 sibi
557 1784 665 1823 velit
706 1783 926 1831 Blaydesii
969 1783 1218 1822 coniectura
1252 1781 1324 1832 τὴν
1369 1783 1568 1840 πονηρίαν
1596 1781 1604 1834 Ι
1630 1782 1830 1833 κάτυφίαν
1875 1785 1985 1834 νομί-

289 1864 428 1899 σαντες
458 1850 559 1899 ἕξειν
589 1849 684 1891 ποτὲ
713 1850 835 1902 πέρας
866 1851 976 1890 mihi
1007 1851 1240 1890 obscurum
1273 1852 1353 1890 est.

227 1921 296 1960 Fr.
330 1921 431 1970 309,
471 1921 490 1959 l
524 1930 589 1968 sq.
622 1919 686 1958 Bl.
719 1919 794 1958 cft.
827 1919 925 1958 Pac.
960 1919 1060 1958 908.

224 1989 294 2028 Fr.
328 1989 428 2027 311.
461 1985 598 2034 ἐπίθες
628 1986 672 2025 τὸ
698 1991 792 2036 πῦρ.
824 1986 944 2025 Haec
976 1986 1108 2025 verba
1138 1986 1367 2025 recurrunt
1397 1986 1443 2024 in
1474 1985 1526 2025 fr.
1559 1986 1659 2025 437.

224 2055 293 2094 Fr.
325 2055 426 2104 312,
461 2055 500 2094 3.
548 2053 773 2102 οἰστροῦντι
821 2053 1007 2092 coniecit
1053 2052 1192 2102 Kock,
1241 2052 1353 2100 quod
1405 2052 1530 2092 attici
1577 2063 1752 2102 semper
1796 2053 1984 2093 dixerint

282 2121 517 2171 οἰστρήσειν,
557 2120 773 2172 οἰστρῆσαι.
814 2120 873 2159 At
913 2119 1048 2173 οἰστρᾷ
1090 2120 1186 2158 sine
1218 2120 1434 2158 varietate
1470 2119 1602 2159 habet
1641 2119 1765 2159 Plato
1804 2120 1985 2160 Phaedr.

284 2190 366 2229 251
386 2189 425 2228 d.
459 2188 636 2228 Theaet.
673 2189 755 2227 179
773 2188 818 2226 E.
853 2187 1034 2226 Frustra
1065 2187 1180 2226 idem
1214 2192 1381 2233 σκοπιᾶς
1414 2198 1490 2236 pro
1521 2185 1664 2238 πέτρας
1696 2187 1748 2226 ad
1781 2198 1986 2227 amoven-

283 2257 385 2296 dam
417 2256 678 2306 positionem
706 2255 912 2303 debilem,
943 2264 1055 2303 quae
1083 2255 1127 2293 in
1153 2254 1234 2293 hac
1259 2254 1496 2293 manifesta
1522 2254 1854 2304 paratragoedia
1879 2255 1987 2293 nihil

284 2324 415 2363 habet
445 2323 655 2372 suspecti,
690 2324 739 2361 ut
769 2322 875 2361 olim
908 2321 1075 2360 monui.

226 2392 294 2430 Fr.
327 2391 427 2439 319,
461 2391 502 2430 6.
544 2390 656 2439 Lege
688 2388 961 2441 γί<γ>νεται.
996 2410 1050 2415 -
1082 2387 1155 2427 Vs.
1190 2389 1230 2427 9.
1268 2387 1422 2434 τούτοις
1453 2398 1530 2437 pro
1560 2384 1662 2426 ταῦτ’
1698 2391 1815 2428 recte
1847 2388 1985 2437 Kock,

283 2454 404 2497 τοῖσδ’
435 2457 605 2497 soloece
631 2457 694 2496 Bi.
717 2479 767 2484 —
792 2456 861 2496 Vs.
888 2458 951 2495 11.
980 2455 1191 2504 Proposui
1219 2452 1275 2493 ὢν
1302 2453 1352 2492 ἂν
1374 2454 1488 2502 θεός,
1514 2455 1589 2494 sed
1616 2454 1759 2494 lenius
1786 2466 1901 2494 nunc
1922 2455 1986 2494 Bl.

285 2524 342 2563 ὤν
372 2539 414 2575 γε
444 2523 560 2572 θεός,
589 2524 702 2573 quod
737 2534 889 2564 verum
921 2524 1043 2562 duco.
1072 2523 1193 2561 Idem
1221 2521 1294 2560 οὐκ
1321 2521 1412 2560 εἴων
1439 2517 1508 2559 τιν’
1540 2520 1604 2570 ἅν,
1629 2523 1704 2561 sed
1733 2523 1988 2571 pronomine

284 2590 507 2631 indefinito
549 2601 658 2641 opus
699 2602 785 2631 non
826 2593 912 2639 est,
947 2591 1048 2639 quia
1078 2590 1275 2638 sequitur
1307 2589 1351 2628 in
1384 2599 1447 2628 vs,
1481 2590 1697 2637 sequenti.
1729 2612 1780 2617 —
1810 2590 1882 2628 Vs.
1921 2591 1986 2628 14.

286 2660 479 2699 Adnotat
511 2658 654 2698 Kock:
687 2659 781 2707 „An
811 2655 1127 2707 Καλλιμέδοντος
1154 2651 1322 2694 ἀπέθαν’
1352 2650 1438 2701 εἷς’.)
1465 2665 1566 2694 nam
1596 2655 1865 2695 Callimedon
1894 2655 1988 2704 ipse

288 2726 356 2772 (cf.
401 2726 634 2774 Antiphan.
668 2726 737 2774 26,
772 2728 812 2770 5)
854 2727 959 2764 tunc
999 2725 1094 2763 sine
1135 2723 1263 2762 dubio
1305 2723 1468 2762 dudum
1509 2724 1707 2761 mortuus
1739 2723 1875 2761 erat.”
1910 2722 1986 2761 Cui

290 2794 396 2833 haec
426 2793 644 2841 quondam
682 2792 1015 2841 respondebam:
1055 2791 1179 2829 Unde
1211 2790 1365 2829 novit?
1400 2790 1673 2838 Antiphanes
1717 2787 1988 2839 Ἆλιευομένην

289 2861 434 2901 docuit
466 2860 582 2900 circa
614 2860 678 2900 01.
700 2860 796 2909 109,
825 2861 867 2898 111
894 2869 980 2907 qua
1003 2861 1136 2897 natus
1169 2859 1237 2897 est
1265 2857 1510 2905 Menander,
1538 2857 1684 2904 itaque
1711 2855 1819 2894 nihil
1850 2858 1987 2904 vetat,

290 2929 327 2968 si
378 2926 502 2977 Μέθη
548 2927 681 2967 fuerit
721 2937 777 2966 ex
818 2926 971 2976 primis
1012 2924 1234 2964 Menandri
1276 2923 1451 2971 fabulis,
1496 2924 1630 2962 etiam
1672 2924 1766 2961 tum
1799 2923 1842 2961 in
1876 2922 1990 2961 vivis

291 2996 426 3035 fuisse
467 2993 841 3033 Callimedontem.
884 2992 963 3041 Qui
1004 3002 1051 3030 se
1092 2990 1255 3029 dudum
1288 2991 1488 3029 mortuus
1519 2988 1693 3036 fuisset,
1738 2998 1823 3027 non
1864 2988 1990 3027 video

292 3061 438 3111 quidni
478 3061 622 3110 potius
656 3045 791 3100 alium
825 3060 1072 3099 helluonem
1106 3060 1208 3096 tunc
1244 3057 1469 3097 viventem
1502 3057 1630 3104 poeta
1656 3055 1839 3094 risisset.
1873 3054 1990 3093 Cete-

293 3139 390 3169 rum
430 3138 515 3167 non
556 3128 692 3176 ipsius
733 3127 885 3166 Kockii
928 3125 1034 3164 haec
1074 3124 1324 3163 coniectura
1365 3125 1450 3171 est,
1503 3121 1579 3161 sed
1612 3132 1711 3161 mea
1744 3121 1843 3160 Obs.
1887 3120 1989 3159 Crit.

305 3206 344 3246 p.
378 3196 433 3235 89
465 3205 549 3244 sq.,
583 3204 715 3243 quam
747 3197 896 3234 tamen
930 3193 1023 3241 ipse
1055 3190 1312 3239 improbavi.

235 3262 302 3302 Fr.
336 3262 435 3311 320,
464 3262 504 3301 3.
538 3261 651 3310 Lege
683 3258 845 3315 δευτέρᾳ
878 3269 978 3299 011111
1011 3257 1221 3297 Usenero.

1819 3325 1848 3352 11
