2216 3522
1121 194 1178 233 94

535 319 579 360 τὸ
615 317 765 371 <μὲν>
800 318 875 372 γὰρ
907 318 1204 369 αἰδεῖσθαι,
1235 317 1362 369 μόνον
1394 316 1445 358 ἄν
1476 334 1533 367 τις
1564 316 1664 360 τοῦτ’
1699 318 1787 376 ἔχῃ,

537 386 730 439 εὔηθές
763 385 842 427 ἔστι
873 385 939 425 καὶ
971 385 1013 426 τὸ
1046 391 1125 426 τῶν
1156 384 1415 438 ἀδικημάτων

534 454 590 507 μὴ
621 454 839 507 λαμβάνειν
869 453 938 502 τὰς
969 451 1081 502 ἀξίας
1113 453 1322 507 τιμωρίας,

537 522 658 564 ἐλεεῖν
689 520 733 562 δὲ
763 522 934 570 πάντως.

330 594 372 633 in
414 593 571 642 quibus
611 592 768 632 ultima
808 590 943 631 verba
982 590 1155 640 egregie
1196 592 1478 641 opponuntur
1517 597 1568 631 τῶ
1609 591 1812 633 αἰδεῖσθαι
1843 591 2034 646 ἁπλῶς,

331 662 409 701 hoc
441 661 558 701 enim
591 660 674 699 sibi
707 658 862 699 volunt
892 657 1026 698 verba
1057 657 1184 708 μόνον
1215 656 1295 713 ἔχῃ.

272 730 338 769 Fr.
373 730 472 779 248,
510 731 527 768 1
579 728 642 768 Bl.
685 726 863 777 supplet
902 725 941 765 tl
977 732 1107 781 σιγᾷςς
1147 727 1225 766 aut
1265 725 1304 764 τί
1341 732 1516 775 σιωπᾶςς
1556 729 1602 768 et
1641 730 1795 769 contra
1824 738 2037 771 numeros

327 794 409 835 οἰσέ
448 811 482 835 τι
523 796 777 846 καταφαγεῖν.
819 794 963 834 Teneo
1004 795 1201 833 veterem
1244 793 1556 835 coniecturam.
1604 795 1699 836 Non
1741 795 1927 838 meliora
1966 796 2033 839 Bl.

329 875 390 903 vs.
425 865 451 903 3
483 863 645 913 profert
676 862 911 912 propositis
942 871 969 901 a
999 861 1188 910 Naber0,
1222 861 1466 911 compluria
1495 863 1692 903 tentans.

269 932 334 972 Fr.
370 932 468 980 251,
508 933 542 971 1.
575 928 757 982 γυναιξὶν
788 929 852 969 Bl.
885 928 1002 969 Cur?
1033 950 1076 956 -
1104 928 1179 968 Vs.
1214 929 1254 968 3.
1289 928 1391 969 Sive
1422 930 1601 979 spurius
1631 932 1720 981 est,
1753 931 1850 972 sive
1881 932 2031 982 genui·

329 1010 430 1046 nus,
464 999 625 1038 misere
647 996 851 1047 languet.

271 1068 337 1107 Fr.
371 1067 469 1115 255,
508 1067 543 1106 1.
579 1064 716 1113 Βωμός
757 1064 922 1114 optime
963 1065 1112 1103 tuetur
1144 1064 1191 1104 Ο.
1218 1062 1399 1103 Crusius
1438 1064 1482 1104 in
1514 1064 1739 1115 Philologo
1770 1065 1846 1107 l.l.
1878 1066 1949 1114 (ad
1979 1066 2032 1109 fr.

329 1135 441 1183 245),
489 1134 585 1174 coll.
627 1133 750 1173 Ovid.
791 1131 924 1173 Trist.
957 1131 1016 1171 IV
1048 1133 1088 1182 5,
1125 1133 1140 1172 1
1190 1142 1280 1182 sq.:
1329 1131 1362 1172 Ο
1404 1132 1514 1172 mibi
1552 1132 1737 1174 dilectos
1777 1134 1892 1175 inter
1930 1144 2033 1185 pars

328 1202 468 1251 prima
508 1201 683 1242 sodales
713 1198 719 1252 Ι
746 1201 912 1240 unica
951 1199 1205 1240 fortunis
1246 1210 1342 1240 ara
1383 1202 1610 1250 reperta
1640 1202 1794 1243 meis.
1825 1200 2029 1243 Ceterum

325 1268 445 1319 ὅρμος
471 1279 556 1308 non
582 1268 734 1308 Kockii
762 1269 830 1307 est
855 1268 931 1307 sed
959 1267 1163 1307 Meinekii
1195 1268 1467 1318 coniectura,
1497 1270 1547 1308 ut
1573 1269 1749 1309 monuit
1763 1269 1932 1321 Nauck,
1960 1270 2033 1319 qui

325 1338 496 1378 Arsenii
532 1337 765 1376 lectionem
792 1346 878 1375 non
905 1334 1007 1374 ἰδεῖν
1031 1333 1106 1387 γὰρ
1134 1335 1308 1386 probat,
1337 1336 1549 1385 rescripto
1577 1336 1695 1386 δεῦρο
1721 1347 1798 1387 pro
1823 1336 1879 1385 εἰς
1903 1343 2033 1378 τοῦτο.

270 1406 334 1445 Fr.
369 1406 468 1455 256,
505 1406 543 1445 2.
585 1409 655 1443 τοῦ
695 1403 946 1455 πράγματος,
986 1403 1080 1443 scil.
1114 1408 1184 1442 τοῦ
1216 1401 1368 1456 ψέγειν,
1399 1403 1513 1453 quod
1547 1413 1704 1445 moneo
1736 1406 1913 1455 propter
1941 1405 2028 1456 Bl.,

327 1474 441 1513 male
474 1474 580 1513 haec
611 1472 939 1512 sollicitantem.

270 1542 335 1581 Fr.
371 1541 469 1581 258.
505 1540 563 1580 Ut
594 1543 741 1591 μᾶλλον
773 1540 1070 1590 intellegatur,
1104 1550 1285 1580 necesse
1317 1542 1385 1580 est
1416 1540 1706 1590 praecesserit
1737 1540 1934 1592 βούλομαι
1963 1540 2035 1581 vel

325 1608 513 1659 αἱροῦμαι
545 1608 746 1648 simileve
779 1608 980 1658 verbum,
1015 1617 1156 1656 neque
1193 1607 1328 1657 igitur
1358 1608 1597 1657 requiritur
1627 1611 1804 1660 κρεῖττον
1834 1618 1935 1649 cum
1967 1609 2032 1650 Bl.

270 1677 334 1716 Fr.
370 1678 468 1725 262,
507 1678 542 1716 1.
577 1676 889 1725 Insanabilem,
926 1676 951 1715 i.
980 1686 1016 1715 e.
1050 1685 1137 1715 non
1170 1676 1290 1715 certa
1321 1676 1492 1715 ratione
1523 1676 1792 1726 sanabilem,
1826 1676 1941 1717 haud
1973 1677 2038 1718 ita

326 1747 511 1794 temere,
557 1747 604 1784 ut
645 1744 810 1784 Kockio
852 1744 974 1783 visus
1016 1745 1102 1792 est,
1138 1743 1250 1783 dixit
1281 1742 1430 1783 Cobet.
1464 1743 1569 1794 Quis
1600 1744 1720 1784 enim
1752 1753 1916 1794 quaeso
1946 1754 2034 1785 cer-

325 1815 417 1851 tam
464 1812 578 1852 dicet
624 1821 755 1860 quam
802 1811 1043 1851 violentam
1090 1812 1169 1850 aut
1224 1811 1317 1860 ipse
1373 1812 1647 1861 excogitavit
1691 1811 1912 1853 medelam
1957 1813 2036 1853 aut

325 1882 477 1929 postea
508 1879 591 1929 Bl.,
635 1889 882 1930 proponens
914 1877 1018 1925 ὅστις
1051 1875 1094 1917 δὲ
1124 1877 1223 1928 πρὸς
1256 1877 1369 1930 χάριν
1400 1894 1436 1917 τι
1467 1877 1521 1930 μὴ
1553 1882 1665 1919 ποιεῖ
1689 1878 1826 1931 πατρί,
1860 1881 2028 1920 utrum-

324 1958 407 1996 que
439 1958 592 1997 parum
625 1949 746 1997 apte,
780 1947 880 1996 quia
910 1946 974 1986 sic
1005 1946 1145 1986 nimia
1175 1947 1459 1996 exaggeratio
1492 1949 1561 1987 est
1591 1948 1635 1987 in
1668 1957 1732 1988 vs.
1765 1958 1840 1998 sq.-

443 2015 604 2054 πάντων
636 2012 686 2053 ἂν
719 2009 834 2061 οὗτος
866 2013 1139 2065 κατεφρόνησε
1172 2013 1491 2065 (καταφρονῆσαι
1523 2015 1668 2062 Mein.)
1698 2020 1778 2054 τῶν
1806 2017 1930 2059 θεῶν.

324 2085 498 2131 propter
538 2094 668 2132 quem
711 2082 947 2123 credideris
977 2082 1158 2131 gravius
1189 2081 1363 2131 aliquod
1396 2083 1562 2123 crimen
1594 2083 1902 2125 antecessisse.
1944 2082 2029 2124 Ita·

322 2160 405 2198 que
436 2150 597 2190 saltem
629 2150 892 2201 probabilior
923 2149 1095 2190 videtur
1125 2149 1238 2189 lenis
1270 2150 1666 2192 correctiohaece:

443 2217 546 2265 ὅστις
583 2214 618 2257 δ’
655 2215 988 2270 ὁμολογήσας
1020 2231 1075 2266 τι,
1107 2215 1160 2268 μὴ
1191 2220 1303 2257 ποιεῖ
1325 2217 1463 2270 πατρί,
1493 2216 1571 2260 κτέ.

324 2295 400 2334 pro
431 2285 505 2337 γὰρ
537 2283 744 2338 ὁμόλογον,
776 2286 845 2327 vel
878 2282 1081 2337 ὁμολογῶν
1114 2285 1221 2332 (cod.
1253 2286 1305 2326 A.
1339 2286 1488 2333 stom.

340 2354 350 2359 “
382 2353 469 2394 Nec
499 2356 648 2394 tamen
679 2354 749 2394 vel
780 2354 862 2394 hoc
893 2353 1022 2403 plane
1054 2352 1164 2392 mihi
1195 2353 1416 2394 satisfacit
1446 2355 1624 2404 propter
1653 2353 1776 2406 πατρί
1803 2364 1830 2394 a
1860 2353 2029 2395 comico

325 2422 514 2469 positum
553 2422 648 2461 sine
689 2421 893 2471 articulo,
937 2421 981 2460 in
1023 2430 1107 2470 quo
1149 2430 1280 2461 nemo
1322 2421 1521 2462 haesisse
1563 2421 1751 2463 videtur.
1783 2421 1894 2473 Quia
1922 2432 2028 2463 vero

322 2488 456 2527 etiam
506 2489 547 2528 in
595 2489 732 2529 altero
774 2498 904 2528 versu
946 2487 1182 2537 probabilis
1223 2488 1425 2528 Meinekii
1467 2490 1679 2530 correctio
1725 2478 2029 2542 καταφρονήσαι

323 2557 512 2605 tragicae
554 2558 698 2606 potius
739 2558 808 2597 est
847 2566 979 2605 quam
1020 2555 1216 2595 comicae
1257 2555 1480 2607 dictionis,
1514 2557 1640 2597 cuius
1672 2559 1743 2598 est
1772 2556 2028 2599 terminatio

323 2624 419 2673 ὸῖιε,
454 2623 545 2664 fieri
579 2627 723 2674 potest
753 2627 802 2664 ut
832 2624 1133 2673 fragmentum
1166 2632 1252 2661 non
1285 2622 1545 2675 Antiphani,
1578 2624 1654 2665 sed
1686 2625 1854 2674 tragico
1879 2625 2027 2666 nescio

322 2692 388 2730 cui
430 2692 679 2741 (Euripidi?›
722 2692 782 2731 sit
824 2690 1119 2731 tribuendum.
1163 2689 1334 2730 Mentiri
1376 2692 1527 2731 autem
1569 2691 1620 2732 fr.
1659 2692 1744 2732 264
1786 2691 1841 2733 ab
1872 2692 2026 2734 eodem

323 2759 507 2798 Stobaeo
549 2760 785 2809 Antiphani
832 2758 1047 2798 tributum
1089 2757 1218 2796 huius
1255 2767 1414 2798 nomen
1458 2758 1671 2808 hodieque
1713 2761 1762 2800 ut
1791 2759 1898 2800 olim
1928 2770 2025 2802 con·

323 2826 465 2865 tendo,
514 2827 616 2876 Quis
662 2836 824 2876 quaeso
872 2827 999 2865 vetus
1045 2825 1173 2873 poeta
1213 2822 1284 2875 τὴν
1326 2824 1497 2877 καρδίαν
1538 2826 1602 2867 sic
1643 2828 1903 2877 usurpasset
1946 2836 2024 2878 pro

324 2892 393 2942 τὴν
430 2894 596 2944 ψυχήνῗ

268 2959 330 2998 Μ.
365 2961 463 3008 266,
503 2963 536 3000 1.
573 2962 634 3001 ΒΙ.
667 2961 927 3001 coniecturis
958 2958 1077 3000 addit
1112 2958 1169 3006 τίς
1206 2957 1294 3011 οὐχὶ
1320 2960 1485 3017 θανάτῳ
1512 2961 1780 3013 μισθοφόρων
1811 2958 2024 3013 <imnum

324 3030 487 3067 temore
527 3029 667 3068 deleto
700 3025 750 3067 δ’.
794 3028 896 3068 Mihi
937 3026 1113 3077 quidem
1155 3026 1281 3067 valde
1323 3028 1487 3069 arridet
1526 3029 1765 3070 Cobetlana
1799 3032 2025 3086 θανατᾳ,

322 3098 496 3134 servata
528 3097 687 3135 tradita
719 3097 903 3136 lectione
936 3089 967 3134 ὦ
998 3092 1182 3145 φιλτάτης
1223 3094 1308 3134 nisi
1341 3096 1453 3145 quod
1485 3098 1620 3137 etiam
1653 3096 1918 3150 μισθοφόρων
1947 3107 2024 3148 pro

323 3162 463 3200 inutili
498 3163 631 3202 Grotii
665 3165 915 3204 coniectura
945 3160 1201 3213 μισθοφόρας
1234 3165 1545 3205 revocaverim.
1581 3165 1627 3204 In
1656 3165 1821 3207 rr.-267
1849 3167 1895 3206 et
1918 3165 2022 3207 alibi

323 3238 447 3268 verae
481 3229 687 3270 lectiones
718 3234 822 3271 sunt
854 3227 1131 3284 ἀποθνῄσκειν
1162 3230 1208 3269 et
1237 3228 1510 3282 γί<γ>νεται.
