2216 3522
1100 211 1182 250 1ὖῦ

314 336 688 385 Oxyrrhynchicis
732 335 833 382 (vol.
866 336 885 375 1
918 336 989 381 24)
1036 336 1167 376 editis
1213 347 1239 376 a
1285 336 1523 377 Grenfellio
1571 338 1615 377 et
1662 335 1841 377 Huntio.
1890 334 2024 376 Aliud

315 402 475 443 ibidem
507 414 562 444 ex
593 404 762 444 incerta
793 403 1019 444 comoedia
1050 403 1212 453 legitur
1244 404 1545 454 fragmentum
1577 414 1617 454 p.
1650 403 1691 443 8.

257 471 323 510 Fr.
357 472 427 520 94,
462 473 502 512 5.
550 471 699 511 Nauck
741 471 816 511 eft.
859 471 1002 511 Schol.
1046 471 1189 522 Eurip.
1225 471 1295 512 Or.
1330 472 1432 522 343,
1466 482 1506 521 p.
1545 472 1641 521 135,
1681 471 1756 519 10;
1797 468 2022 518 Anonymi

314 539 638 588 Olympiodorei
680 538 848 579 Comm.
891 538 935 577 in
978 538 1133 588 Porph.
1173 538 1267 578 cod.
1300 538 1424 578 Paris
1461 539 1586 588 1939,
1621 538 1649 578 f.
1684 538 1740 578 46
1759 537 1808 586 b;
1842 536 2022 587 Nicepb.

316 606 550 655 Progymn.
582 606 710 646 Rhet.
742 606 813 646 Gr.
846 605 865 644 I
898 616 937 655 p.
972 606 1073 655 445,
1108 606 1184 653 27;
1218 606 1354 647 Anth.
1388 606 1478 646 Pal.
1516 607 1583 656 10,
1618 606 1688 655 96,
1718 605 1759 654 3,
1793 603 1893 644 alia.
1927 603 2023 644 Stu-

316 673 503 723 pendam
538 673 619 713 viri
650 673 958 713 eruditionem!

260 742 327 781 Fr.
361 742 431 790 96,
466 742 506 781 2.
549 739 660 791 φέρει
700 739 775 793 γὰρ
815 738 890 780 ὅσα
922 743 1035 788 θεοῖς
1065 738 1206 792 ἄνθη
1237 740 1386 792 καλά,
1415 739 1562 791 κιττόν,
1592 740 1766 791 δάφνην·
1797 737 1871 779 uve.
1904 738 2024 790 Quod

315 810 405 849 iam
436 809 622 849 antehac
652 809 856 858 proposui
887 807 986 858 φίλα
1017 818 1104 848 non
1130 807 1312 859 sufficit,
1340 809 1443 858 quia
1469 808 1599 849 flores
1626 817 1712 848 non
1736 808 1842 848 sunt
1866 807 2028 847 hedera

316 879 361 916 et
390 876 560 926 lauruS,
593 876 667 916 sed
702 875 939 916 manifesto
972 875 1302 925 corrigendum:

868 941 980 995 φέρει
1010 941 1085 995 γὰρ
1117 941 1190 982 ὅσα
1222 945 1336 990 θεοῖς
1367 940 1430 982 ἂν
1461 938 1487 999 ᾖ
1519 942 1670 993 φίλα,

317 1014 366 1051 ut
411 1011 582 1051 Baccho
627 1011 803 1061 hedera,
845 1010 999 1050 laurus
1040 1010 1247 1060 Apollini.
1291 1009 1602 1051 Infelicissime
1641 1010 1707 1052 ΒΙ.
1750 1008 1900 1062 ὅσαπερ
1938 1005 2021 1049 ἐσθ’

318 1076 453 1126 ἅπλῶς
483 1078 594 1117 καλά.

260 1148 327 1187 Fr.
361 1149 431 1197 97,
468 1149 504 1188 1.
538 1147 718 1187 Rectius
750 1149 850 1197 post
879 1146 1024 1194 καύτός
1055 1146 1211 1187 incidit
1244 1147 1472 1188 Headlam.

261 1215 327 1255 Fr.
365 1215 461 1264 102,
497 1217 533 1255 1.
567 1214 736 1254 Mecum
768 1214 832 1254 Bl·
864 1213 921 1262 τίς
952 1214 1027 1267 γάρ
1064 1210 1197 1255 <staff
1210 1227 1243 1257 >
1278 1215 1404 1263 οὕτως
1436 1212 1515 1254 ἐστὶ
1546 1213 1806 1264 κακοδαίμων
1836 1212 1969 1264 φύσει.

261 1283 328 1322 Fr.
367 1283 462 1322 104.
505 1282 743 1333 Iernstedt‚
787 1282 884 1323 coll.
931 1281 1040 1322 Poll.
1075 1282 1116 1321 11
1149 1283 1189 1333 6,
1233 1293 1288 1323 ex
1330 1282 1543 1332 Hesychii
1575 1282 1724 1331 glossa
1754 1279 2027 1333 τρόφιμον·

319 1347 367 1389 ὃν
399 1347 511 1400 ἡμεῖς
542 1349 791 1390 δεσπόσυνον
823 1349 887 1389 καὶ
920 1348 1117 1401 τρόφιμον
1149 1348 1346 1403 ἀνδρὸς
1377 1349 1643 1405 δακτυλίῳ
1675 1348 1824 1390 offecit
1853 1347 2026 1388 Menan·

320 1418 447 1458 drum
480 1418 731 1467 scripsisse:

1244 1483 1454 1537 ἀνεμιαΐον
1485 1483 1636 1538 ἐγένετο

644 1551 712 1591 καὶ
742 1553 940 1604 τρόφιμον
971 1551 1119 1605 ἀνδρὸς
1151 1553 1359 1610 δακτυλίῳ.

322 1621 439 1671 Quae
472 1621 605 1661 verba
636 1621 750 1661 alius
780 1621 970 1662 fortasse
1002 1621 1164 1662 melius
1194 1632 1328 1671 quam
1360 1631 1441 1671 ego
1473 1620 1713 1670 intelleget.

262 1690 329 1729 Fr.
368 1690 465 1730 106.
677 1687 744 1727 καὶ
775 1687 937 1740 λαιμὰ
967 1689 1151 1741 βακχεύει
1182 1688 1317 1742 λαβὼν
1348 1687 1395 1728 τὰ
1426 1688 1615 1742 χρήματα.

321 1755 461 1807 Λαιμὰ
498 1758 617 1807 (λῆμα
650 1756 741 1796 cod.
775 1757 900 1803 RaV.)
943 1757 985 1798 h.
1013 1757 1041 1797 l.
1075 1767 1162 1798 non
1202 1758 1356 1798 sanius
1388 1758 1562 1798 videtur
1591 1766 1725 1806 quam
1757 1754 1875 1795 idem
1906 1763 2028 1794 voca·

322 1824 473 1864 bulum
514 1825 596 1863 Av.
645 1825 773 1874 1563,
815 1824 889 1864 ubi
931 1824 1069 1865 schol.
1110 1825 1226 1865 hunc
1258 1825 1484 1865 Menandri
1515 1834 1694 1865 versum
1727 1823 1852 1873 citat,
1883 1820 2031 1862 nescio

320 1903 404 1941 quo
445 1892 610 1931 librarii
653 1902 799 1932 errore
831 1892 1053 1942 deceptus.
1086 1892 1247 1933 Utrum
1280 1890 1489 1945 λαμπρὰ
1520 1892 1659 1932 lateat
1691 1901 1747 1931 an
1777 1889 1940 1942 κάρτα
1971 1899 2028 1930 an

321 1960 439 2000 aliud
471 1960 634 2009 ignoro.

263 2029 330 2067 Fr.
367 2029 463 2078 109,
502 2029 538 2067 1.
586 2025 746 2079 ἀγαθόν
791 2027 830 2066 τί
872 2042 940 2078 μοι
985 2026 1160 2080 γένοιτο,
1198 2030 1247 2069 ut
1288 2028 1526 2078 Alciphron
1558 2027 1578 2066 I
1610 2027 1679 2077 36,
1714 2026 1755 2076 3,
1789 2034 1921 2074 quem
1953 2024 2028 2065 cst.

321 2095 483 2135 Nauck.
526 2094 811 2135 Probabiliter
850 2096 1081 2145 sequentia
1121 2096 1314 2137 correxit
1354 2095 1507 2145 Cobet,
1550 2103 1780 2144 perperam
1820 2092 1906 2143 BL,
1947 2102 2029 2134 nec-

321 2173 430 2212 opus
474 2172 574 2203 cum
616 2163 770 2203 eodem
812 2173 876 2203 ve.
910 2164 935 2203 3
978 2160 1008 2216 γ’
1044 2164 1238 2204 inserere
1280 2165 1381 2214 post
1411 2161 1589 2213 εἰκότως,
1628 2170 1898 2211 quamquam
1929 2160 2027 2201 addi

321 2232 511 2281 poterat,
555 2233 599 2270 et
640 2231 798 2271 vitiose
841 2241 916 2280 pro
957 2232 1127 2281 optima
1170 2231 1372 2272 Meinekii
1414 2230 1684 2272 correctione
1724 2225 1781 2281 ἄρ’
1817 2226 1867 2268 οὐ
1897 2225 2031 2268 θέλων

320 2305 412 2348 (pro
443 2297 517 2338 οὐκ
548 2296 712 2344 ἐθέλων)
745 2299 926 2338 rescribi
958 2299 1090 2339 iussit
1121 2298 1157 2339 εἰ
1181 2298 1235 2350 μὴ
1262 2297 1408 2350 θέλων,
1432 2298 1547 2348 quod
1573 2297 1736 2338 saltem
1761 2295 1798 2336 εἰ
1820 2294 1875 2348 μὴ
1899 2293 2032 2344 θέλεις

325 2368 401 2406 aut
431 2361 482 2413 εἴ,
512 2364 565 2416 μὴ
597 2364 731 2405 θέλων
762 2367 862 2413 (nisi
903 2366 1016 2407 forte
1048 2367 1130 2407 hoc
1171 2366 1323 2414 voluit)
1361 2376 1459 2406 esse
1490 2365 1688 2406 debebat.
1718 2386 1771 2395 -
1798 2363 1873 2405 Vs.
1891 2364 1934 2405 5.
1965 2362 2031 2404 Bl.

323 2434 617 2483 recipiendum
649 2433 786 2474 fuisse
819 2433 957 2473 Grotii
987 2433 1131 2473 καινὸν
1162 2436 1282 2475 recte
1317 2433 1505 2474 monuit.

264 2502 331 2541 Fr.
369 2503 464 2551 113,
499 2503 538 2541 3.
573 2502 754 2541 Temere
788 2506 863 2540 νῦν
895 2497 927 2554 y'
963 2500 1018 2541 ἔτι
1051 2502 1116 2543 Bl.

264 2569 331 2608 Fr.
370 2569 465 2608 120.
512 2567 621 2618 ὅρνις
660 2571 777 2609 recte
819 2569 1017 2619 postulat
1047 2569 1131 2619 Bl.,
1177 2569 1357 2611 iubente
1399 2569 1533 2610 etiam
1566 2570 1723 2609 metro.
1759 2568 1882 2609 Idem
1916 2566 2035 2609 valet

324 2637 376 2676 de
409 2636 460 2676 fr.
500 2638 596 2686 167,
632 2637 672 2677 3.

267 2704 333 2743 Fr.
371 2704 466 2743 128.
500 2704 674 2754 Optime
707 2704 894 2754 Bentley
926 2704 1083 2744 ἅπαντα
1115 2703 1184 2744 τὸν
1215 2704 1381 2757 χρόνον,
1411 2714 1517 2744 nam
1549 2702 1605 2751 εἰς
1635 2701 1704 2743 τὸν
1730 2702 1862 2743 πάντα
1886 2702 2033 2756 χρόνον

325 2781 531 2820 graecum
578 2771 708 2822 foret,
758 2773 808 2812 ut
847 2774 964 2814 recte
1006 2774 1159 2813 monet
1198 2772 1263 2813 Bl.
1303 2794 1352 2801 —
1389 2771 1461 2812 Vs.
1496 2773 1537 2812 4.
1578 2784 1622 2824 γε
1661 2778 1840 2811 mecum
1878 2777 1958 2820 pro
1988 2764 2033 2809 δδ

324 2838 387 2878 Bl.
423 2861 474 2867 —
508 2838 580 2878 Vs.
614 2840 653 2879 7.
687 2839 808 2879 Idem
850 2838 972 2891 αὕτη,
1007 2839 1119 2889 quod
1162 2838 1483 2888 necessarium,
1526 2839 1571 2879 et
1610 2835 1893 2888 probabiliter
1933 2832 2032 2886 ἄφε-

324 2904 471 2956 λομένη
503 2917 566 2947 vs.
601 2907 627 2947 8
660 2909 705 2947 et
735 2905 793 2946 ὅτι
823 2918 900 2957 pro
930 2904 1022 2957 οὓς,
1049 2907 1126 2947 sed
1158 2906 1349 2948 fortasse
1380 2904 1543 2947 sufflcst
1577 2905 1706 2945 lectio
1732 2903 1850 2955 prior
1880 2902 1926 2944 in
1951 2902 2034 2943 AB

325 2971 400 3021 ὡς;
429 2975 510 3014 hoc
540 2974 701 3015 saltem
734 2977 907 3015 constat
939 2974 1057 3015 male
1087 2977 1313 3025 receptum
1349 2982 1448 3014 esse
1479 2972 1828 3023 superscriptum
1859 2966 1943 3018 οὓς.

267 3041 333 3080 Fr.
372 3041 466 3080 129.
500 3042 561 3081 Bl.
595 3042 803 3082 audacter
837 3042 989 3082 θύουσι
1024 3041 1248 3089 <mitons-z>
1285 3037 1320 3081 δ’
1358 3039 1488 3092 ὥσπερ
1521 3038 1564 3079 ot
1585 3038 1836 3092 τοιχωρύχοι,
1865 3036 2034 3078 sedita

324 3108 486 3148 saltem
515 3109 794 3150 scribendum
825 3111 946 3150 esset
982 3106 1161 3161 ὡσπερεὶ.
1194 3108 1243 3149 In
1277 3107 1470 3158 vulgatis
1500 3105 1554 3156 ὡς
1585 3109 1654 3148 est
1683 3104 2032 3147 exclamativum

325 3178 370 3214 et
400 3175 441 3214 οἱ
469 3177 698 3227 τοιχωρύχοι
736 3179 806 3217 est
848 3177 1114 3227 convitium,
1157 3186 1242 3226 quo
1283 3177 1494 3226 petuntur
1532 3174 1575 3215 ot
1600 3174 1782 3221 θύοντες.
1813 3171 1930 3213 Nihil
1959 3181 2033 3214 no·

328 3253 430 3282 vare
463 3244 621 3283 ausim.
658 3266 707 3271 —-
753 3244 824 3284 Vs.
859 3246 883 3284 4
926 3254 1086 3284 sanum
1119 3253 1217 3284 esse
1249 3253 1335 3284 non
1367 3245 1560 3294 praesto,
1594 3242 1670 3283 sed
1702 3240 1978 3291 propositum
2007 3248 2035 3280 a
