2216 3522
132 896 139 939 ᾗ
192 886 195 921 ὲ

137 944 195 978 ,Ἣ

190 981 195 1041 l

1119 190 1204 230 160

335 318 514 358 locum
552 316 816 366 propriae
848 314 1009 354 filiae
1040 314 1316 354 absentis.
1352 314 1444 354 Non
1478 314 1720 355 audiendus
1751 317 1821 356 est
1851 316 1915 357 Bl.
1947 327 2040 367 pro·

336 395 502 436 ponens
533 382 689 434 ἑαυτῆς.

278 454 344 493 Fr.
380 454 479 493 257.
1181 443 1212 488 ὦ
1243 448 1404 502 μεγίστη
1435 454 1515 488 τῶν
1544 452 1655 489 θεῶν

690 523 768 557 νῦν
798 510 882 556 οὖσ’
917 512 1079 556 ἀναίδει’
1114 515 1166 563 (εἰ
1193 515 1294 556 θεὸν
1323 518 1458 555 καλεῖν
1489 527 1532 556 σε
1564 516 1634 556 δεῖ.

690 577 756 617 δεῖ
779 574 837 616 δέ·
870 575 912 615 τὸ
944 581 1118 628 κρατοῦν
1148 575 1223 627 γὰρ
1256 581 1332 615 νῦν
1364 574 1561 627 νομίζεται
1590 576 1713 624 θεός.)

690 640 749 694 ἐφ’
785 643 882 684 ὅσον
911 643 1103 696 βαδίζεις,
1134 640 1193 693 ἐφ’
1229 642 1325 683 ὅσον
1356 642 1465 695 ἥξειν
1496 658 1563 695 μοι
1594 643 1735 692 δοκεῖς.

334 716 419 765 Ita,
468 715 512 754 in
559 713 811 764 parenthesi
859 713 1015 762 positis
1059 711 1204 752 verbis
1245 710 1278 751 εἰ
1312 734 1365 740 -
1398 709 1514 761 θεός,
1554 713 1722 763 omnia,
1765 715 1814 753 ut
1854 714 2042 755 antehac

332 784 501 832 monui,
536 782 701 832 optime
732 781 981 820 decurrunt.
1023 779 1220 820 Pessime
1252 779 1316 819 ΒΙ.
1352 789 1415 819 vs·
1448 782 1654 829 quartum
1687 791 1865 831 prorsus
1896 791 2040 824 neces·

332 852 498 891 sarium
531 850 731 899 spurium
763 858 862 888 esse
894 847 1137 887 existimat.

276 919 342 958 Fr.
377 907 475 979 230.
746 913 1074 965 ἕπιθυμίσας
1106 921 1167 969 τῷ
1202 912 1367 969 Βορέᾳ
1399 913 1544 955 ἴδιον

749 980 924 1034 ὀψάριον
956 979 1077 1022 οὐδὲν
1109 981 1274 1034 ἔλαβον,
1304 980 1443 1033 ἑψήσω
1475 988 1626 1034 φακῆν.

330 1054 379 1093 In
428 1053 568 1103 priore
616 1061 746 1098 versu
793 1051 985 1101 pessime
1031 1050 1226 1090 mulcato
1273 1052 1391 1090 recte
1432 1050 1496 1090 Bl.
1540 1050 1725 1092 Bentleii
1766 1053 2043 1095 coniecturae

331 1121 538 1171 probatae
584 1119 747 1160 Cobeto
795 1117 1101 1170 <λιβαν>ίδιον
1147 1118 1340 1159 obvertit
1387 1118 1603 1159 Graecum
1650 1129 1747 1160 esse
1791 1119 2041 1173 λιβανώτιον.

332 1188 409 1228 Cui
456 1188 753 1228 observationi
800 1188 839 1227 si
879 1187 1160 1227 coniunxeris
1202 1187 1367 1227 iustam
1410 1187 1565 1227 Kockii
1608 1187 1661 1227 de
1702 1187 1771 1228 his
1812 1188 2043 1230 sacrificiis

333 1257 675 1306 dubitationem,
718 1255 908 1295 fortasse
949 1254 1030 1295 tibi
1070 1254 1319 1295 satisfaciet
1349 1256 1478 1295 vetus
1510 1264 1612 1295 mea
1640 1256 1880 1307 sententia,
1909 1266 2043 1306 quam

333 1325 385 1364 de
426 1334 548 1364 more
590 1324 763 1373 ignorat
803 1322 886 1373 BL,
932 1323 1118 1362 Boream
1158 1322 1200 1362 h.
1234 1322 1261 1362 l.
1305 1322 1436 1363 deum
1478 1332 1565 1362 non
1601 1333 1717 1382 esse,
1752 1323 1826 1364 sed
1857 1324 2041 1375 piscato-

333 1403 426 1432 rem
444 1393 492 1438 (?)
525 1392 837 1432 Menandreum
869 1391 1056 1430 dixisse:

748 1456 861 1499 ἐπεὶ
888 1454 1228 1510 ’μποδισθεὶς
1260 1465 1322 1512 τῷ
1354 1457 1513 1514 βορέᾳ
1547 1457 1605 1510 νὴ
1635 1458 1724 1499 τὸν
1757 1458 1855 1499 Δία

745 1524 919 1578 ὀψάριον
951 1524 1072 1566 οὐδὲν
1104 1524 1262 1579 ἔλαβον,
1296 1524 1435 1577 ἑψήσω
1467 1531 1616 1578 φακῆν.

334 1597 378 1636 in
411 1596 568 1646 quibus
601 1593 651 1645 νὴ
683 1593 751 1634 τὸν
783 1594 863 1633 Δία
896 1595 1117 1644 Heringae
1150 1594 1347 1635 debetur.

391 1663 594 1704 Ceterum
628 1663 730 1712 quia
760 1660 905 1714 ἔλαβον
936 1662 1154 1712 frequenti
1191 1663 1457 1703 comicorum
1491 1673 1574 1703 usu
1606 1663 1741 1703 etiam
1774 1664 1879 1704 emi
1909 1663 2041 1715 signi—

331 1731 460 1772 ficare
506 1732 669 1781 potest,
718 1730 935 1771 incertum
984 1733 1053 1770 est
1099 1732 1247 1771 utrum
1290 1731 1399 1771 haec
1438 1731 1555 1771 dicat
1594 1731 1799 1781 piscator,
1841 1741 1898 1772 an
1928 1731 2043 1772 alius

327 1799 492 1848 quivis,
550 1800 625 1848 qui
677 1801 897 1848 queratur,
951 1799 1260 1849 praepediente
1302 1799 1435 1839 borea
1475 1800 1720 1849 capturam,
1770 1799 1915 1849 pisces
1953 1809 2040 1840 non

332 1867 469 1906 fuisse
501 1867 695 1907 venales.

274 1935 341 1974 Fr.
375 1935 477 1974 261.
510 1934 693 1974 Temere
726 1934 790 1974 Bl.
824 1936 975 1984 μᾶλλον
1007 1944 1083 1984 pro
1114 1933 1270 1981 πάντες.

273 2002 341 2041 Fr.
375 2002 475 2042 262.
1132 2001 1249 2054 ἔργον
1281 2000 1323 2041 ἐκ
1353 2004 1504 2041 πολλοῦ
1536 2001 1683 2053 χρόνον

806 2067 951 2109 ἄνοιαν
983 2066 1109 2124 ἡμέρᾳ
1142 2074 1381 2120 μεταστῆσαι
1412 2076 1493 2124 μιᾷ.

331 2137 438 2177 Mira
478 2137 825 2187 breviloquentia
865 2137 1030 2177 dictum
1073 2137 1246 2177 videtur
1278 2135 1500 2178 ἔκ,πολλοῦ
1532 2136 1679 2189 χρόνου
1711 2134 1876 2188 ἄνοιαν,
1906 2148 2039 2187 quare

330 2204 519 2245 fortasse
551 2204 851 2255 redintegrare
882 2205 983 2245 licet
1016 2205 1205 2254 priorem
1238 2215 1418 2245 versum
1450 2205 1714 2255 supplendo:

582 2270 698 2325 ἔργον
735 2271 849 2324 <γὰρ
886 2270 1180 2325 ἐγγεγονυῖαν>
1219 2271 1261 2312 ἐκ
1292 2275 1443 2313 πολλοῦ
1475 2272 1621 2325 χρόνον
1652 2270 1727 2312 κῐὲ.

272 2339 339 2378 Fr.
374 2340 473 2389 281,
507 2342 547 2380 ὃ.
580 2339 854 2380 Coniecturis
886 2340 1008 2380 addit
1038 2340 1103 2381 Bl.
1136 2339 1229 2388 τοὺς
1261 2340 1442 2393 πτωχοὺς
1474 2340 1637 2392 μόνους.

272 2407 338 2446 Fr.
374 2408 472 2457 282,
510 2409 546 2447 l.
580 2407 664 2447 Cur
695 2407 946 2457 κουφότατον
988 2413 1066 2447 τῶν
1097 2414 1232 2447 κακῶν
1264 2410 1569 2459 paupertatem
1601 2408 1720 2449 dicat
1748 2409 1895 2459 poeta,
1928 2408 2040 2449 satis

329 2477 509 2524 apparet
540 2485 564 2515 e
598 2474 742 2515 verbis
773 2468 820 2526 ἧς
856 2497 909 2504 -
942 2474 1100 2530 ῥᾳδίως.
1142 2475 1341 2516 Pessime
1384 2476 1519 2526 igitur
1550 2474 1804 2525 κουφότατον
1835 2475 1879 2515 in
1911 2474 2039 2515 δεινό-

330 2556 448 2581 τατον
481 2544 627 2582 mutat
661 2542 725 2582 Bl.

274 2610 338 2648 Fr.
374 2610 472 2660 285,
507 2611 546 2650 2.
575 2608 840 2661 ἀκουσμάτων
881 2616 1014 2666 τρυφῇ
1055 2625 1093 2650 τε
1137 2611 1205 2651 vel
1243 2612 1389 2661 potius
1422 2606 1604 2661 ἠκούσατ’
1640 2610 1696 2658 εἰς
1728 2609 1886 2662 τρυφήν
1902 2623 1940 2650 τε
1972 2609 2037 2651 Bl-

330 2687 415 2717 non
450 2678 579 2718 male.

272 2744 338 2783 Fr.
374 2745 472 2785 287.
506 2745 610 2784 οὕτω
652 2760 686 2784 τι
717 2768 769 2774 -
799 2743 1005 2785 ἐπίπονον.
1041 2746 1105 2786 Bl.
1148 2746 1221 2786 cst.
1256 2745 1478 2795 Aristoph.
1512 2745 1552 2784 ΙΙ
1595 2747 1731 2794 1191;
1766 2744 1936 2785 Alexid.
1974 2744 2037 2785 III

330 2813 434 2860 482;
470 2812 685 2863 Posidipp.
720 2812 777 2851 IV
811 2814 919 2862 519;
955 2813 1133 2863 Antiph.
1170 2814 1231 2853 111
1265 2814 1334 2853 80.
1374 2814 1469 2853 187.

272 2879 335 2918 Fr.
372 2881 470 2929 291,
506 2882 543 2920 2.
579 2881 711 2929 Olim,
745 2880 841 2920 coll.
878 2881 1079 2921 Palladae
1111 2881 1206 2921 loco
1229 2892 1297 2931 ap.
1317 2881 1551 2931 Kockium,
1583 2881 1731 2921 monui
1759 2878 1941 2932 ἀοράτων
1967 2879 2038 2920 hic

329 2947 442 2987 idem
476 2948 620 2988 valere
652 2948 763 2997 quod
795 2945 1091 2999 ἀπερισκέπτων
1122 2949 1217 2989 sive
1248 2946 1487 2999 ἀμερίμνων.
1525 2948 1650 2988 Nunc
1682 2947 1745 2989 Bl.
1778 2948 1860 2988 hoc
1890 2948 2035 2998 ipsum

326 3012 551 3065 ἁμερίμνων
583 3026 609 3054 a
642 3017 769 3065 poeta
808 3016 1021 3065 scriptum
1062 3025 1161 3056 esse
1192 3018 1336 3066 putat,
1370 3015 1483 3065 quod
1517 3015 1691 3055 facilius
1723 3018 1793 3055 est
1822 3014 2038 3066 suspicari

327 3093 456 3130 quam
506 3083 822 3123 demonstrare.
878 3083 1025 3132 Neque
1071 3083 1276 3133 absurde,
1319 3084 1484 3133 opinor,
1528 3081 1698 3134 ἀορατον
1745 3082 2038 3133 explicaveris

329 3150 731 3200 caliginosum,
768 3153 816 3191 ut
851 3149 1022 3203 ἀορασία
1054 3151 1166 3201 apud
1200 3150 1317 3191 LXX
1360 3150 1627 3191 tenebras
1658 3150 1892 3200 significat.
1927 3149 2038 3191 Utut

328 3220 414 3266 est,
457 3221 574 3257 recte
611 3218 730 3257 Kock
764 3219 1032 3268 improbavit
1075 3219 1257 3260 Useneri
1290 3219 1587 3259 coniecturam
1618 3216 1813 3269 ἀδράτων.
1857 3218 1900 3257 Si
1933 3217 2036 3266 quid
