2216 3522
1002 222 1065 251 vn

148 345 259 376 nens
286 335 396 386 fere,
439 337 488 376 ut
525 335 686 376 librum
723 336 864 377 obiter
892 337 1144 386 inspicienti
1174 338 1286 377 mihi
1316 338 1538 391 apparuit,
1571 348 1597 378 a
1627 339 1913 380 sollicitandis

148 419 349 460 codicum
394 420 640 470 scripturiS,
689 421 753 460 ita
791 422 842 460 ut
881 420 962 460 sub
1002 421 1121 461 vitae
1161 420 1314 471 finem,
1348 431 1479 470 quem
1510 422 1659 471 procul
1688 426 1909 464 remotum

146 503 239 544 fore
277 508 424 554 spero,
466 513 493 543 a
522 504 708 553 pristina
747 504 793 544 in
834 504 916 544 hoc
945 514 1103 554 genere
1134 504 1316 544 levitate
1347 505 1582 554 resipuisse
1613 516 1765 546 senem
1796 509 1909 548 octo-

146 587 325 637 genario
365 587 581 627 maiorem
621 587 732 627 mihi
765 588 1070 637 persuadeam.
1102 589 1235 628 Novit
1266 589 1415 628 autem
1447 589 1514 628 vir
1545 591 1745 639 egregius
1777 601 1908 640 quan-

145 673 297 733 topere
341 673 487 722 ipsum
528 672 709 722 diligam
751 674 884 722 atque
928 673 1185 722 suspiciam,
1231 682 1372 721 neque
1414 673 1549 722 igitur
1579 684 1732 714 vereor
1762 685 1837 726 ne,
1870 677 1908 716 si

145 756 247 807 quid
277 757 350 798 hIc
378 756 469 797 illic
497 757 543 796 in
570 757 653 796 hoc
676 766 804 806 opere
829 756 1139 796 inclementius
1166 757 1218 796 de
1244 757 1340 796 eius
1363 757 1682 797 tentaminibus
1697 758 1904 809 iudicavi,

144 840 253 881 vitio
291 841 335 881 id
374 841 487 881 mihi
526 851 735 881 versurus
775 841 846 880 sit.
885 840 1068 880 Amicus
1109 840 1229 880 enim
1265 840 1374 879 mihi
1404 840 1611 891 Blaydes,
1654 842 1730 881 sed
1762 843 1906 892 magis

143 924 289 965 amica
318 925 502 975 veritas,
536 935 669 974 quam
700 935 776 974 per
807 924 987 974 longam
1019 924 1160 964 vitam
1193 926 1238 964 et
1268 925 1362 974 ipse
1394 925 1541 964 coluit.

229 996 389 1049 Restat
412 1010 464 1049 ut
502 1009 747 1049 successori
778 1018 878 1048 meo
909 1009 953 1048 in
984 1008 1251 1048 Professoris
1281 1018 1481 1058 munere,
1514 1009 1607 1048 viro
1635 1009 1905 1049 amicissimo

140 1091 180 1131 J.
212 1091 257 1132 G.
290 1092 503 1143 Volgraff,
551 1093 719 1143 gratias
765 1102 895 1142 agam
938 1102 1070 1141 quam
1117 1093 1341 1132 maximas
1386 1102 1464 1141 pro
1510 1091 1815 1133 benevolentia
1860 1095 1905 1133 et

140 1175 388 1227 diligentia,
422 1187 508 1226 qua
537 1177 583 1216 in
614 1177 745 1216 huius
776 1176 875 1216 libri
905 1176 1097 1226 plagulis
1129 1175 1396 1225 corrigendis
1426 1186 1498 1215 me
1529 1176 1710 1215 adiuvit.

231 1314 434 1348 Scribebam
456 1315 610 1348 Traiecti
635 1316 681 1348 ad
704 1315 882 1355 Rhenum,

303 1385 348 1408 m.
372 1375 532 1417 Augusto
554 1385 587 1409 a.
609 1385 805 1409 unccccm.
