2216 3522
1038 247 1094 289 49

184 368 255 412 Fr.
289 369 389 412 668.
420 370 536 422 Lege
566 370 743 424 ηὕρηκα·

183 438 254 479 Fr.
286 440 388 479 671.
876 436 1155 493 Ἐξηκεστίδης
1186 440 1286 494 ἔχων
1318 442 1464 495 λύραν,

267 544 299 548 ,
495 505 612 560 ἔργον
638 506 846 558 Εὐδόξου,
876 508 1104 548 τιταίνει
1132 508 1319 561 ψιθυρὸν
1350 509 1484 562 εὐήθη
1517 511 1654 563 νόμον.

243 573 415 614 Mireris
444 575 630 616 verbum
659 576 833 626 epicum
862 575 1060 615 τιταίνειν.
1092 577 1208 617 Num
1239 577 1324 617 fuit

495 641 613 695 ἔργον
646 642 833 691 Εὐδόξου
864 658 929 693 τι,
959 643 1155 683 τείνειῗ

242 709 302 750 At
342 710 513 750 obverti
550 711 692 760 possit
739 721 980 759 pronomen
1022 712 1316 761 impersonale
1357 713 1608 754 huiusmodi
1653 715 1948 756 locutionibus

243 777 343 817 addi
387 788 474 818 non
520 779 679 828 solere,
728 788 809 818 neo
853 779 1045 828 simplex
1093 778 1254 830 τείνειν,
1298 781 1376 820 sed
1422 783 1717 831 compositum
1764 781 1950 823 ἐντείνειν

242 845 377 885 attice
406 845 471 885 sic
500 846 716 895 usurpari.
743 846 953 895 Apprime
977 846 1171 896 placeret
1200 847 1342 899 λιγαί
1351 861 1447 898 νει,
1478 849 1516 888 si
1541 850 1586 888 in
1613 851 1839 890 comoedia
1869 852 1952 891 hoc

244 912 427 953 verbum
459 914 639 954 obvium
669 913 808 954 fieret.

185 980 254 1020 Fr.
288 981 389 1021 672.
465 977 510 1028 ὃς
539 980 587 1020 τὰ
617 978 690 1033 μὲν
721 980 898 1033 ἀφανῆ
930 989 1119 1037 μεριμνᾷ,
1148 981 1196 1021 τὰ
1227 980 1271 1021 δὲ
1301 986 1542 1034 χαμᾶθεν
1573 982 1711 1023 ἐσθίει.

243 1047 425 1098 Propter
447 1049 699 1098 oppositum
723 1052 905 1101 χαμᾶθεν
921 1050 1074 1089 monui
1099 1050 1206 1089 olim
1233 1050 1343 1097 (coll.
1372 1051 1521 1100 Eupol.
1545 1053 1627 1091 146
1645 1052 1701 1098 b.)
1727 1054 1951 1102 expectari

245 1113 463 1166 ἀνέκας,
502 1117 530 1156 i.
553 1127 590 1156 e.
632 1114 681 1155 τὰ
721 1114 904 1168 μετέωρα.
947 1117 1030 1156 Per
1070 1127 1119 1156 se
1150 1117 1327 1169 quidem
1358 1116 1496 1168 ἀφανῆ
1527 1120 1693 1168 optime
1723 1130 1772 1159 se
1803 1120 1949 1164 habet.

242 1181 433 1231 Blaydes
455 1183 528 1223 oft.
557 1183 687 1233 Soph.
720 1184 772 1224 fr.
802 1185 911 1232 671;
945 1184 1045 1223 Eur.
1078 1185 1130 1224 fr.
1165 1185 1252 1224 808
1285 1186 1330 1224 et
1362 1185 1472 1234 905;
1506 1186 1688 1226 Monost.
1729 1188 1805 1235 18;
1838 1187 1949 1227 Plat.

243 1249 424 1290 Theaet.
461 1251 544 1290 174
577 1251 635 1299 A;
668 1251 791 1290 Kock
820 1251 972 1300 Eupol.
1010 1253 1111 1301 146,
1155 1253 1228 1300 qui
1258 1254 1410 1291 tamon
1441 1253 1524 1292 loci
1556 1263 1663 1293 num
1697 1254 1814 1293 hunc
1843 1256 1953 1294 satis

243 1319 453 1358 tueantur
468 1318 595 1358 valde
611 1318 775 1358 dubito.
794 1319 1039 1358 Genuinam
1055 1320 1245 1359 formam
1264 1320 1447 1359 atticam
1464 1323 1662 1371 χαμαῖθεν
1678 1321 1796 1361 ducit
1813 1322 1952 1361 Blass.

185 1385 254 1425 Fr.
287 1386 389 1426 673.
417 1385 483 1425 Bl.
524 1383 615 1436 ἐμοί
651 1400 694 1438 γε
735 1389 808 1432 (τοι
849 1387 913 1432 Κ.)
956 1392 1033 1433 πᾶς
1074 1384 1317 1438 ἀνέρριπται.
1360 1387 1439 1436 Qui
1480 1388 1607 1427 Add.
1640 1399 1681 1437 p.
1715 1390 1800 1427 319
1832 1391 1950 1429 recte

245 1454 564 1494 animadvertit
611 1453 749 1503 „Ergo
796 1454 1042 1503 antiquitus
1088 1454 1209 1494 aleas
1249 1465 1428 1494 sursum
1469 1455 1710 1505 iactabant,
1753 1466 1858 1506 non,
1902 1459 1951 1496 ut

245 1531 346 1571 1108,
379 1521 632 1561 deorsum.'’

186 1588 256 1629 Fr.
289 1590 390 1639 675,
429 1590 466 1628 1.
499 1589 564 1629 Bl.
598 1589 671 1628 oft.
704 1588 856 1629 Eubul.
890 1590 954 1628 ΠΙ
985 1590 1085 1639 261,
1116 1590 1224 1637 262;
1259 1589 1369 1628 Men.
1397 1589 1457 1627 IV
1489 1591 1584 1629 179.
1613 1591 1742 1630 Miror
1767 1592 1811 1630 et
1835 1591 1949 1630 hunc

245 1658 291 1697 et
335 1656 553 1697 Kockium
599 1656 848 1706 neglexisse
893 1658 967 1697 Ar.
1014 1656 1126 1696 Eccl.
1175 1657 1275 1702 652.
1319 1679 1371 1684 --
1416 1656 1489 1696 Vs,
1538 1658 1563 1696 2
1610 1667 1673 1706 sq.
1723 1658 1946 1707 Quondam

245 1724 473 1774 proposui:

629 1789 694 1830 ἐπὶ
724 1790 768 1831 τὸ
800 1791 965 1831 δεῖπνον
997 1788 1035 1831 δ’
1072 1789 1093 1831 ὅ
1124 1790 1278 1844 χορὸς
1321 1789 1409 1843 ἤδη
1440 1788 1474 1842 μ’

632 1856 654 1898 ὁ
685 1858 1001 1910 φιλοτήσιος
1033 1861 1194 1898 καλεῖ.

245 1936 323 1976 pro
354 1924 408 1974 ὣς
438 1924 519 1978 ἤδη
550 1929 667 1966 καλεῖ
689 1923 726 1978 μ’
757 1923 763 1980 Ι
792 1924 814 1966 ὁ
843 1942 876 1979 χ.
909 1925 931 1966 ὁ
962 1929 1043 1977 φιλ.

187 1993 258 2034 Fr.
290 1995 391 2035 678.
453 1992 581 2033 πολλὰ
610 1992 763 2034 τοιαυτὶ
793 1992 862 2033 καὶ
892 1993 1046 2034 τοιαυτὶ
1076 1992 1163 2034 καὶ
1195 1994 1352 2046 δεῦρο
1385 1993 1703 2046 σχηματίσαντες.

246 2061 311 2102 Bl.
343 2063 388 2102 in
419 2063 485 2102 ed.
518 2072 600 2102 sua
629 2073 669 2112 p.
703 2063 789 2102 304
821 2063 1047 2112 proposuit
1078 2062 1287 2102 audacter

454 2128 579 2169 πολλὰ
609 2129 761 2169 τοιαυτὶ
792 2130 970 2181 σχήματα
1001 2128 1112 2181 δευρὶ
1141 2128 1297 2168 κάκεῖσε
1329 2129 1648 2181 σχηματίσαντες.

248 2196 332 2237 Sed
374 2199 468 2237 tam
505 2197 702 2237 violenta
742 2197 950 2237 correctio
991 2197 1161 2237 nullam
1199 2197 1333 2236 habet
1362 2196 1654 2249 πειθανάγκην.
1686 2196 1792 2235 Vitii
1822 2196 1951 2236 sedes

248 2266 320 2305 est
361 2262 446 2303 καὶ
488 2264 666 2316 δεῦρο,
705 2265 818 2305 unde
850 2265 1070 2314 quondam
1111 2265 1240 2304 elicui
1288 2261 1397 2303 κᾶθ’
1434 2262 1515 2311 (καὶ
1545 2261 1620 2311 ἔθ’)
1663 2262 1819 2316 ἕτερα.
1850 2264 1950 2303 Alia

247 2331 391 2372 suasit
420 2331 575 2372 Kaibel
607 2342 674 2381 ap.
707 2332 759 2371 Κ.
792 2333 856 2371 III
886 2343 926 2382 p.
962 2333 1059 2372 723.

190 2398 258 2439 Fr.
291 2399 392 2439 682.
454 2395 502 2438 ἵν’
537 2397 755 2454 ἒπαγλαΐσῃ
786 2398 831 2438 τὸ
861 2398 1109 2450 παλημάτιον
1140 2396 1206 2437 καὶ
1238 2397 1292 2449 μὴ
1324 2397 1478 2449 βήττων
1508 2398 1786 2452 καταπίνῃ.

248 2465 524 2506 Tussiens
555 2476 638 2514 quo
669 2467 796 2515 pacto
827 2467 926 2515 quis
956 2467 1096 2516 possit
1127 2466 1272 2505 cibum
1305 2465 1639 2515 degluttire,
1673 2466 1851 2505 omnino
1877 2474 1949 2503 me

248 2533 370 2573 latet.
405 2533 492 2572 Vix
522 2533 674 2573 dubito
706 2534 810 2583 quin
845 2536 975 2584 poeta
1004 2534 1229 2583 scripserit

1022 2599 1174 2651 καὶμὴ
1206 2599 1359 2652 βήττων
1391 2614 1444 2652 γε
1476 2599 1653 2654 μιάνῃ,

249 2678 387 2708 neve
418 2668 713 2708 tussiendo
745 2669 1021 2718 inquinet.

190 2735 260 2775 Fr.
291 2736 392 2776 683.
424 2735 648 2788 κίρναντες,
677 2736 728 2774 ut
758 2733 983 2788 ἐγκιρνᾶσιν
1017 2735 1128 2774 Eccl.
1162 2735 1246 2774 841
1282 2734 1391 2780 (ΒΙ.).

190 2802 259 2843 Fr.
291 2803 393 2843 686.
721 2802 790 2843 τὸν
821 2802 1024 2856 σαπέρδην
1056 2802 1240 2842 ἀποτῖλαι
1271 2801 1343 2854 χρὴ

722 2866 803 2925 κᾷτ’
838 2869 1032 2910 {nummu
1062 2868 1147 2909 καὶ
1179 2870 1479 2909 διαπλῦναι.

249 2937 410 2978 Vereor
439 2947 494 2978 ne
524 2938 731 2978 ultimum
762 2939 945 2979 verbum
976 2949 1000 2978 e
1030 2947 1285 2988 praegresso
1311 2936 1454 2976 labem
1481 2936 1683 2986 traxerit,
1718 2946 1804 2975 non
1836 2938 1948 2984 quod

249 3015 466 3054 nusquam
506 3005 609 3045 alibi
649 3006 731 3046 hoc
771 3006 1068 3055 compositum
1109 3004 1323 3054 reperitur
1364 3002 1431 3048 (ef.
1475 3001 1696 3051 διανίζειν),
1740 3003 1817 3042 sed
1848 3003 1950 3051 quia

250 3073 349 3122 post
388 3059 579 3111 ἐκττλῦναι
619 3083 775 3122 parum
816 3079 885 3112 est
925 3071 1218 3112 commodum.
1263 3070 1370 3119 Quid
1411 3072 1562 3109 tamen
1592 3069 1948 3109 substituendum

252 3140 312 3179 sit
342 3139 506 3189 ignoro.
539 3140 727 3179 Ariolari
762 3151 800 3180 v.
835 3150 869 3179 c.
902 3140 1046 3189 possis
1077 3136 1260 3190 χάλσὶν
1291 3143 1497 3188 σμῆσαι.

193 3206 261 3247 Fr.
295 3207 395 3246 687.
428 3206 490 3247 Cf.
523 3207 725 3247 Mnesim.
759 3208 822 3246 III
855 3208 940 3247 569
974 3207 1027 3247 M.
1062 3206 1169 3252 (ΒΙ.).

193 3273 261 3314 Fr.
294 3274 395 3314 697.
443 3274 629 3315 Bekkeri
669 3275 967 3314 coniecturam
1009 3272 1192 3324 ἐμόλετον
1234 3282 1309 3322 pro
1350 3269 1501 3322 ἐμόλετε
1533 3272 1691 3311 merito
1734 3269 1951 3319 improbat

1791 3341 1807 3367 4
