2216 3522
1057 211 1112 253 79

263 337 356 379 veri
387 337 618 379 simillima
659 338 846 378 videtur.
890 338 959 377 Ita
993 347 1164 387 quoque
1194 337 1358 378 iudicat
1387 337 1471 388 Bl.,
1514 337 1588 387 qui
1618 339 1844 388 praeterea
1874 338 1967 380 sine

265 416 399 447 causa
428 407 575 446 tentat
604 404 703 459 πρὸς
734 403 977 457 τετμημένου
1005 404 1011 457 Ι
1040 403 1168 458 μέρος.

206 474 275 514 Fr.
309 475 378 514 72.
802 471 972 524 ἐκτεμὼν
1003 473 1149 525 χορδης
1181 475 1359 524 μεσαῖον.

261 541 450 591 Blaydes
481 540 686 581 dubitans
717 542 867 581 utrum
899 540 1016 591 τόμος
1049 551 1105 581 an
1130 539 1293 592 τέμαχος
1318 540 1612 590 supplendum
1638 541 1710 591 sit,
1738 551 1823 580 non
1854 543 1965 582 vide-

261 611 333 649 tur
363 609 623 649 observasse
654 609 707 649 de
743 609 937 659 piscibus
964 610 1222 649 constanter
1247 606 1411 660 τέμαχος
1439 611 1534 654 (nos
1564 611 1727 655 moot)
1755 609 1965 660 adhiberi,

263 677 315 717 de
348 687 460 727 pane
498 686 619 726 vero,
652 676 872 726 placenta,
907 676 1154 726 sarcimine,
1194 675 1498 724 similibusque
1538 676 1689 715 eadem
1723 677 1969 717 constantia

262 743 379 795 τόμος
420 744 632 791 (snede).
675 744 757 783 Hic
797 744 933 794 igitur
973 745 1223 784 necessario
1264 744 1530 784 audiendum
1563 745 1632 784 est
1662 746 1739 784 aut
1768 745 1967 794 supplen-

263 812 368 852 dum
408 810 589 863 τέμαχος,
625 813 674 851 ut
714 823 755 851 v.
789 822 824 852 c.
857 813 931 852 Ar.
958 812 1032 861 Eq.
1071 812 1196 852 1179.
1235 813 1362 852 1190.
1405 811 1586 861 Saepius
1627 813 1740 862 apud
1777 812 1968 852 comicos

263 889 487 920 occurrere
518 877 707 927 ἀλλᾶντος
738 882 864 927 (ατων)
895 879 1013 930 τόμος
1046 882 1160 930 (-μοι)
1192 879 1363 920 docebit
1393 879 1555 919 Iacobii
1585 879 1735 919 Index.

206 947 276 988 Fr.
310 948 379 998 74,
414 948 453 987 ’7.
1079 950 1128 985 A.
1161 945 1233 995 ἔξω
1265 962 1322 994 τις
1354 945 1455 986 δότω

590 1013 733 1065 ἱμάντα
762 1012 908 1066 ταχέως
938 1009 1018 1054 οἷο
1030 1029 1065 1053 ν.
1099 1016 1150 1052 Π.
1183 1013 1258 1053 οὐκ
1288 1013 1415 1066 ἔγνων
1446 1013 1581 1061 ἴσως.

588 1080 771 1121 ἔπειτα
800 1087 916 1122 τοῦτο
949 1083 1102 1133 ζημιοῖς
1134 1096 1202 1133 με;
1234 1081 1427 1133 μηδαμῶς
1458 1080 1534 1120 κτὲ.

262 1150 437 1200 Optime
467 1150 682 1190 Headlam
714 1150 965 1199 paedagogo
998 1150 1264 1198 Ganymedis
1295 1150 1449 1189 tribuit
1480 1144 1585 1199 οἷον,
1626 1150 1701 1189 sed
1734 1150 1869 1189 etiam
1902 1151 1965 1190 sic

261 1228 396 1258 sensu
429 1228 607 1258 cassum
639 1218 812 1257 videtur
843 1216 948 1265 ἴσως.
982 1217 1207 1267 Suspicor:

1093 1283 1166 1332 ἔξω
1198 1299 1254 1332 τις
1287 1283 1388 1324 δότω

589 1351 732 1403 ἱμάντα
762 1350 918 1404 ταχέως.
953 1354 1004 1391 Π.
1036 1346 1124 1391 οἷον
1155 1351 1230 1392 οὐκ
1261 1350 1390 1404 ἔγνων
1420 1351 1598 1404 τάλας,

589 1419 721 1460 ἔπειτα
751 1418 826 1459 κτὲ.

261 1487 491 1529 Sententia
511 1490 597 1528 est:
629 1488 775 1547 pQuod
793 1488 918 1537 quale
935 1498 1065 1538 rogas
1081 1499 1152 1528 me
1170 1489 1373 1538 aenigma
1384 1499 1467 1528 non
1486 1488 1598 1528 solvi
1617 1489 1764 1539 miser,
1782 1490 1966 1530 hancine

262 1556 372 1596 mihi
412 1556 602 1596 multam
643 1556 867 1606 imponis?
908 1557 1068 1596 Facere
1109 1556 1252 1595 noli!-”
1295 1551 1530 1595 oiov=6n
1572 1562 1726 1596 τοιοῦτο
1767 1557 1876 1603 (scil.
1918 1554 1965 1596 ὃν

261 1622 496 1676 προβάλλεις
527 1637 594 1674 μοι
624 1626 790 1676 γρῖφον,
818 1621 921 1670 mg).
956 1624 1038 1663 Sed
1068 1623 1256 1663 fortasse
1287 1625 1506 1673 praestat:

1033 1687 1120 1732 οἷον
1152 1691 1226 1732 οὔκ
1257 1690 1458 1744 ἔγνωκά
1489 1706 1610 1743 πως,

591 1754 703 1799 εἶτα
736 1758 821 1798 διὰ
851 1765 967 1800 τοῦτο
998 1761 1151 1812 ζημιοῖς
1182 1774 1250 1812 με;

263 1826 337 1867 Vs.
374 1828 440 1867 13.
474 1827 624 1867 Placet
663 1827 817 1867 Kockii
859 1829 1108 1868 coniectura
1147 1826 1468 1880 ἀποστρέψαντα,
1500 1838 1580 1868 nec
1610 1828 1810 1877 displicet
1840 1829 1963 1877 Blay·

263 1895 446 1935 desiana
476 1894 743 1946 συνδήσαντα.

207 1963 275 2004 Fr.
310 1964 380 2004 75.
1034 1963 1316 2015 καλυψάμενος
1346 1963 1542 2019 τριβωνίῳ

590 2028 919 2083 διεπαρθένευσα.

261 2098 326 2138 Bl.
359 2095 695 2150 ἐγκαλυψάμενος.
727 2099 893 2139 Locum
925 2110 1012 2139 non
1043 2100 1154 2139 satis
1185 2099 1413 2149 intellego,
1443 2109 1519 2139 cur
1549 2100 1666 2138 enim
1698 2099 1828 2139 homo
1855 2099 1963 2139 dica-

260 2167 334 2206 tur
363 2175 411 2205 se
441 2165 629 2206 tribonio
659 2167 902 2206 involvisse
928 2167 1044 2207 haud
1071 2177 1293 2217 assequor,
1321 2168 1365 2206 et
1393 2167 1509 2206 male
1535 2177 1607 2206 me
1625 2167 1758 2206 habet
1772 2167 1965 2207 omissus

262 2233 490 2283 articulus,
524 2233 599 2273 sed
626 2231 821 2283 excerpti
852 2234 1047 2274 brevitas
1077 2234 1223 2274 obstat
1254 2234 1565 2274 emendationi.

203 2299 278 2340 Vs.
311 2301 381 2350 76,
415 2301 455 2341 2.
486 2301 587 2340 Iure
617 2297 757 2353 προεῖτ’
794 2301 858 2340 Bl.
893 2302 1093 2341 Atticum
1125 2312 1211 2341 non
1244 2303 1313 2341 est
1343 2298 1506 2353 πρόοιτ’.

204 2367 272 2408 Fr.
305 2368 376 2422 77,
409 2369 448 2408 3.
491 2364 712 2420 εὐφραίνεέ
757 2366 896 2419 ὀσμαῖς
936 2369 1101 2419 optime
1142 2369 1339 2408 Meineke
1370 2369 1521 2409 elicuit
1553 2379 1609 2409 ex
1640 2369 1731 2408 cod.
1763 2370 1802 2409 A
1832 2370 1963 2409 Athe-

262 2436 359 2475 naei
389 2435 576 2476 lectione
607 2434 877 2488 εὐφροσύναις
909 2433 1086 2487 ὀσμαῖσι,
1126 2447 1205 2476 nec
1245 2436 1387 2476 Naber
1419 2436 1628 2476 debuerat
1660 2447 1808 2476 serum
1842 2447 1962 2476 voca·

260 2503 411 2543 bulum
443 2501 573 2555 ὄσφρα
604 2505 770 2544 comico
806 2506 941 2545 veteri
973 2505 1218 2545 obtrudere.

203 2570 271 2610 Fr.
305 2571 374 2611 78.
407 2571 525 2611 Bene
555 2571 620 2612 Bl.
653 2571 892 2622 μελίπηκτα;
925 2573 967 2610 Β.
994 2571 1082 2622 ναί,
1107 2570 1201 2622 κτέ.,
1231 2572 1307 2611 sed
1335 2571 1417 2610 hoc
1441 2572 1584 2620 ipsum
1612 2571 1798 2611 fortasse
1825 2571 1964 2611 voluit

262 2637 585 2677 emendationis
616 2639 780 2678 auctor.
928 2674 932 2676 .

203 2704 271 2744 Fr.
304 2705 374 2755 80,
407 2706 448 2745 9.
479 2707 596 2757 γελᾶν
627 2715 775 2746 meum
809 2706 989 2756 probavi
1020 2706 1266 2755 Blaydesio.
1287 2728 1339 2734 -
1368 2705 1442 2746 Vs.
1474 2706 1540 2746 12.
1569 2705 1717 2746 Cobeti
1745 2705 1964 2758 σιτάρκημα

262 2783 347 2813 non
389 2774 455 2812 est
497 2772 627 2813 dubia
666 2774 929 2813 emendatio.
972 2772 1033 2813 Cf.
1075 2773 1246 2814 lexicon
1287 2783 1438 2813 meum
1478 2773 1618 2823 suppl.
1659 2784 1699 2822 p.
1736 2775 1817 2813 741
1852 2784 1888 2814 s.
1923 2785 1962 2814 v.

262 2839 456 2892 σιταρχία,
487 2840 559 2880 ubi
590 2841 701 2881 adde
732 2841 800 2881 PB
834 2842 934 2891 948,
972 2843 1038 2881 13.

203 2907 271 2947 Fr.
315 2908 384 2958 81,
431 2909 467 2948 1.
509 2908 690 2948 Temere
730 2924 786 2956 τις
826 2919 902 2958 pro
943 2923 1009 2959 μοι
1051 2909 1140 2956 Bl.;
1183 2919 1262 2947 nec
1308 2908 1452 2957 magis
1499 2908 1746 2947 necessaria
1792 2908 1964 2948 videtur

261 2974 413 3015 Kockii
461 2976 712 3015 coniectura
751 2973 1003 3028 προσφερέτω
1045 2978 1120 3015 aut
1162 2975 1273 3024 quod
1317 2976 1541 3023 praeterea
1581 2975 1782 3024 proponit
1812 2976 1875 3015 Bl.
1908 2991 1964 3023 τις

260 3040 420 3094 φερέτω.
465 3033 718 3083 Subiectum
760 3044 843 3083 fuit
883 3043 927 3082 in
969 3043 1252 3093 praegressis
1294 3043 1610 3091 Fragmentum
1657 3044 1805 3082 autem
1846 3053 1960 3082 sum-

261 3111 356 3149 tum
402 3110 575 3150 videtur
619 3120 643 3150 e
685 3111 937 3151 narratione
977 3112 1070 3150 eius
1123 3111 1196 3159 qui
1236 3109 1440 3159 loquitur,
1490 3112 1537 3149 ut
1582 3110 1727 3159 arguit
1772 3111 1963 3150 aoristus

261 3187 326 3217 vs.
360 3178 384 3216 2
418 3176 649 3229 ἐνεχεάμην,
690 3178 1062 3227 quemadmodum
1106 3178 1215 3218 bene
1246 3187 1322 3226 pro
1353 3175 1570 3228 ἐπεχεάμην
1605 3178 1796 3217 correxit
1827 3178 1960 3218 Kock.

261 3244 348 3285 Nec
380 3244 505 3285 video
533 3255 608 3285 cur
632 3246 793 3286 ibidem
816 3257 892 3296 pro
919 3245 1006 3297 οὐχὶ
1031 3246 1172 3300 παιδιᾷ
1199 3248 1330 3291 (recte
1356 3246 1485 3290 idem)
1511 3245 1575 3284 Bl.
1602 3247 1795 3294 requirat
1820 3246 1895 3285 οὐκ
1920 3244 1962 3285 ἐν
