2216 3522
1117 196 1172 236 24

268 323 335 363 Fr.
368 323 437 372 90,
477 325 492 363 1
531 322 594 363 Bl.
628 322 701 363 cst.
733 323 787 363 fr.
819 323 918 363 216.

267 390 334 430 Fr.
366 391 436 431 91.
474 389 596 431 <cini
625 405 702 440 μοι.
738 392 813 429 ΑΡ.
844 389 1023 440 φράσω>
1053 388 1227 438 supplet
1257 388 1320 428 Bl.
1363 388 1603 438 Inutiliter;
1636 399 1739 429 nam
1772 388 1860 429 alia
1883 388 2029 430 multa

323 457 436 497 elabi
475 460 724 507 potuerunt.
759 480 812 485 —
845 457 920 498 Vs.
954 457 994 497 2.
1041 458 1155 506 Apte
1195 456 1268 496 eft.
1312 456 1411 497 Eur.
1454 456 1506 497 fr.
1549 456 1637 497 810
1669 455 1851 509 μέγιστον
1881 449 1940 508 ἆρ’
1973 449 2027 507 ἦν

324 521 349 575 ἡ
381 525 514 574 φύσις
547 523 622 564 uti.

265 592 332 632 Fr.
363 593 434 642 94,
470 595 508 632 4.
551 592 843 642 Improbanda
882 591 1038 632 Kockii
1077 591 1339 631 tentamina.
1378 590 1528 631 Alium
1561 591 1679 641 loqui
1710 591 1800 631 iam
1832 590 2026 632 animad-

324 660 458 700 vertit
490 660 701 709 Meineke,
735 659 813 700 sed
844 670 923 699 acu
956 669 1050 700 rem
1082 659 1283 708 tetigisse
1315 658 1489 699 videtur
1525 658 1590 699 Bl.
1622 658 1820 699 scribens
1849 658 1898 699 B.
1929 657 2028 711 ταχὺ

322 726 444 778 λέγεις
474 742 516 779 γε
548 727 615 774 (cf.
651 738 691 767 v.
726 727 769 773 l.)
802 727 853 767 A.
886 726 985 775 πρὸς
1018 725 1061 765 δέ
1091 722 1122 778 γ’
1157 724 1233 766 κτὲ.

263 795 330 835 Fr.
364 796 419 835 95
453 795 516 835 Bl.
544 796 650 835 cltat
682 794 815 835 Thuc.
850 794 951 833 VIII
969 795 1038 844 68,
1058 795 1085 834 4
1117 791 1219 846 ἀνὴρ
1251 789 1330 833 οὔτ’
1365 792 1490 833 εἰπεῖν
1521 791 1612 833 οὔτε
1637 799 1789 846 γνῶναι
1813 791 2027 842 ἀδύνατος.

263 863 330 903 Fr.
362 864 418 903 96
450 866 592 903 totum
635 863 708 902 uni
750 872 961 912 personae
1002 861 1202 912 assignat
1243 862 1327 912 Bl.,
1372 861 1516 902 deleto
1558 861 1684 911 signo
1715 861 2027 912 interrogandi.

321 930 415 970 Non
447 930 617 970 accedo.
1086 982 1090 986 ⁴

260 997 327 1037 Fr.
361 998 430 1037 98.
479 998 661 1047 Propter
707 997 862 1037 Kockii
909 996 1245 1046 dubitationem,
1289 998 1339 1036 ut
1383 995 1597 1046 suspicor,
1645 996 1710 1037 Bl.
1758 1006 1835 1047 pro
1873 994 2028 1049 πόρνης

320 1065 507 1104 coniecit
536 1069 669 1117 γονῆς.

260 1130 327 1171 Fr.
360 1132 431 1181 99,
468 1134 503 1172 1.
537 1129 603 1182 ἐμὲ
633 1129 705 1182 μὲν
736 1137 883 1184 γεννᾶν
914 1131 1074 1172 melius
1106 1131 1170 1172 Bl.
1204 1142 1336 1181 quam
1370 1131 1494 1172 Kock
1524 1133 1597 1182 μὲν
1628 1129 1694 1183 ἐμὲ
1724 1137 1883 1185 γεννᾶν.

259 1198 326 1238 Fr.
363 1199 459 1249 100,
495 1200 534 1239 2.
579 1200 643 1239 Bl.
687 1199 815 1239 malit
857 1197 990 1251 ἄρχειν
1033 1197 1135 1246 ἐᾶτε,
1177 1201 1255 1239 aut
1287 1199 1400 1246 (coll.
1434 1197 1564 1250 Vesp.
1598 1200 1700 1247 431)
1732 1197 1866 1251 ἄρχειν
1896 1196 2028 1254 ἐάσῃς.

316 1267 465 1306 Possis
505 1268 639 1307 etiam
681 1265 815 1318 ἄρχειν
848 1264 988 1318 ἕάτην,
1029 1267 1106 1307 sed
1138 1268 1177 1306 si
1209 1267 1309 1316 quid
1343 1267 1626 1317 mutandum,
1660 1266 1801 1307 multo
1831 1266 2028 1318 probabi-

316 1335 396 1374 lior
438 1338 506 1375 est
546 1335 776 1375 lenissima
815 1334 996 1374 Elmslei
1037 1336 1269 1383 correctio;
1312 1334 1420 1374 nibil
1471 1345 1574 1374 vero
1621 1336 1850 1384 peccatum
1891 1334 2030 1377 videri

319 1402 506 1442 concedo
569 1402 754 1452 Kockio,
821 1400 958 1453 μηκέτι
1012 1402 1130 1442 enim
1187 1402 1458 1451 iungendum
1515 1412 1616 1442 cum
1673 1400 1818 1453 ἄρχειν.
1879 1401 2030 1453 Neque

316 1469 474 1509 accedo
520 1469 583 1509 Bl.
628 1479 692 1509 vs.
727 1470 752 1510 3
795 1467 958 1509 ἕλκοντα
999 1469 1194 1509 mutanti
1233 1469 1279 1509 in
1320 1467 1457 1521 ἔχοντι.
1499 1469 1561 1510 Cf.
1595 1467 1722 1508 ἕλκειν
1747 1467 1820 1519 τὴν
1845 1469 2032 1521 χλανίδα,

317 1536 551 1586 θοίμάτιον,
580 1535 803 1588 ἕλκεχίιων,
842 1535 1089 1588 ἕλκετρίβων,
1130 1536 1244 1577 unde
1270 1539 1422 1577 sumta
1452 1537 1724 1586 metaphora.
1765 1537 2030 1578 Rectissime

319 1604 372 1644 H.
420 1604 551 1654 weil,
609 1615 740 1654 quem
787 1606 879 1654 ipse
927 1605 1035 1644 citat
1090 1604 1154 1645 Bl.
1209 1605 1466 1655 „trahentes
1506 1606 1759 1655 praeturam
1799 1606 2030 1655 tamquam

319 1673 488 1711 vestem
532 1672 576 1711 in
617 1673 782 1712 terram
823 1672 1146 1712 delabentem”.
1189 1671 1327 1722 Saepe
1358 1672 1422 1712 Bl.
1455 1672 1640 1713 meliora
1669 1673 1858 1723 probans
1888 1672 2030 1723 sequi-

318 1741 391 1778 tur
422 1739 651 1779 deteriora.

261 1806 327 1845 Fr.
366 1806 461 1855 102,
500 1807 535 1846 1.
583 1807 705 1847 Idem
747 1807 899 1857 ταδεὸί,
945 1807 1042 1847 coll.
1087 1808 1170 1847 Av.
1218 1808 1284 1848 18.
1326 1808 1410 1848 Sed
1452 1818 1589 1857 aeque
1630 1810 1749 1850 recte
1789 1818 1838 1849 se
1868 1809 2030 1850 habere

317 1874 429 1922 quod
462 1874 662 1922 traditur,
696 1875 855 1915 docent
886 1875 1091 1924 exempla
1123 1875 1260 1915 citata
1291 1885 1316 1915 a
1348 1875 1527 1916 Kockio.

260 1940 326 1979 Fr.
364 1942 459 1981 103.
492 1942 698 1991 Spectare
730 1942 772 1982 h.
806 1942 834 1982 l.
868 1942 1084 1982 Galerium
1116 1942 1176 1982 IV
1207 1953 1248 1992 p.
1283 1943 1368 1983 784
1402 1944 1575 1983 monuit
1605 1943 1769 1984 Nauck.

262 2007 329 2047 Fr.
364 2009 458 2048 104.
492 2008 648 2057 κραναὰ
682 2020 757 2059 pro
789 2009 924 2060 κλεινὴ
956 2010 1124 2050 frustra
1155 2010 1220 2050 Bl.

262 2074 328 2114 Fr.
363 2075 458 2115 105.
500 2076 805 2117 coniecturam
842 2087 989 2117 meam
1032 2075 1359 2129 κάγχλοῆσαι
1405 2078 1594 2129 probans
1627 2078 1842 2120 Meinekio
1873 2079 2030 2120 tribuit

319 2142 402 2192 Bl.,
438 2145 551 2184 male
584 2145 697 2184 lecta
728 2147 835 2185 nota
867 2145 1039 2195 Kockii,
1074 2156 1206 2195 quarn
1239 2146 1352 2186 vide.
1503 2140 1514 2149 ⁰

262 2209 328 2249 Fr.
366 2211 461 2260 108,
507 2213 546 2251 2.
589 2212 775 2252 Probato
817 2223 856 2253 v.
890 2214 916 2253 l.
960 2210 1191 2264 θερμαίνεθ“
1239 2214 1293 2254 ob
1338 2214 1666 2255 incommodam
1708 2214 1949 2264 particulae
1989 2229 2029 2255 τε

320 2276 484 2327 locum,
517 2289 582 2319 vs.
614 2280 641 2318 3
674 2276 934 2322 κελεύ<εθ’>
970 2280 1036 2319 ἵνα
1069 2281 1235 2321 scribit.
1269 2281 1406 2332 Saepe
1440 2292 1543 2322 vero
1576 2282 1756 2331 voculas
1782 2280 1844 2333 δέ,
1868 2295 1928 2333 τε,
1953 2281 2028 2335 γάρ

319 2355 345 2383 a
385 2347 526 2395 poetis
562 2347 781 2396 posterius
822 2358 954 2397 quam
986 2359 1014 2388 a
1045 2349 1324 2398 pedestribus
1356 2350 1458 2399 poni
1489 2350 1602 2390 satis
1634 2351 1829 2400 constat,
1862 2350 1908 2390 et
1936 2359 2027 2391 mo-

318 2412 505 2453 dulatior
541 2416 609 2454 est
639 2415 780 2463 qualis
812 2416 999 2456 traditur
1031 2427 1187 2457 versus
1219 2418 1391 2458 tertius.

264 2479 329 2519 Fr.
366 2482 462 2520 114.
496 2481 603 2521 Cum
636 2482 699 2521 Bl.
731 2483 927 2531 praefero
959 2484 1093 2524 Bekk.
1126 2484 1208 2525 An.
1250 2485 1484 2525 lectionem
1517 2485 1565 2525 οὐ
1597 2486 1682 2539 γάρ.
1714 2485 1776 2526 Cf.
1810 2486 1884 2527 Ar.
1915 2485 2027 2527 Nub.

320 2549 420 2597 427,
454 2548 598 2589 locum
630 2551 815 2590 citatum
848 2561 874 2591 a
904 2551 1081 2602 Raspio.

266 2615 330 2654 Fr.
369 2618 463 2657 115.
510 2618 875 2668 supplementum
924 2630 1073 2660 meum
1120 2619 1249 2659 πολὺν
1305 2620 1462 2670 probat
1508 2620 1573 2661 Bl.
1621 2620 1915 2661 proverbialis
1959 2621 2030 2662 est

323 2683 482 2725 locutio
513 2686 655 2735 qualis
686 2689 837 2727 nostra
878 2686 995 2727 Wie
1036 2687 1130 2727 het
1166 2687 1335 2728 breed
1377 2688 1550 2738 heeft,
1587 2688 1706 2729 laat
1738 2689 1830 2729 het
1861 2688 2028 2730 breed

323 2750 553 2801 haugen.
588 2754 713 2793 Falso
746 2754 1029 2803 grammatici
1063 2755 1310 2795 habuerunt
1343 2756 1447 2795 πίσει
1473 2766 1549 2806 pro
1575 2756 1723 2796 futuro
1752 2755 1872 2797 verbi
1896 2755 2028 2796 πίνειν

324 2834 377 2849 =
395 2819 538 2867 alma,
568 2824 636 2861 est
667 2822 786 2862 enim
819 2822 898 2862 fut.
934 2822 1055 2862 verbi
1087 2821 1262 2862 πιπίσκω
1281 2838 1336 2855 --
1354 2823 1510 2871 ποτίζω.
1543 2824 1786 2874 suspiceris
1822 2826 1972 2865 autem
2002 2834 2027 2865 e

325 2885 476 2926 Kockii
518 2891 621 2928 nota
662 2890 806 2939 ipsum
848 2889 979 2930 fldem
1021 2890 1231 2931 habuisse
1271 2891 1578 2941 grammaticis
1609 2894 1654 2932 et
1684 2891 1789 2931 πίσει
1820 2891 2027 2933 habuisse

325 2964 399 3001 pro
431 2955 713 2996 barbarismo,

270 3020 337 3060 Fr.
377 3022 468 3061 116.
503 3023 565 3063 Bl.
607 3034 874 3073 quamquam
917 3026 1100 3075 probata
1140 3026 1288 3067 Cobeti
1327 3037 1536 3067 versuum
1576 3027 1902 3079 distributione,
1934 3028 2028 3079 ipse

324 3091 545 3137 proponit:
579 3097 790 3142 τοιγαροῦν
817 3092 823 3144 Ι
852 3092 1067 3146 στρατηγὸς
1099 3092 1262 3141 (οὐδεὶς)
1293 3092 1332 3143 ἐξ
1363 3093 1518 3134 ἐκείνου
1549 3099 1619 3135 τοῦ
1646 3094 1793 3147 χρόνον
1820 3094 1827 3147 Ι
1856 3094 2027 3145 δυνατὸς

324 3153 448 3206 γέγον’
492 3156 620 3207 ὥσπερ
657 3159 883 3211 μεναγωγὸς
915 3158 1052 3200 ἑστιῶν
1081 3158 1089 3212 Ι
1115 3166 1183 3213 τῆς
1210 3159 1285 3201 uti.
1319 3164 1397 3203 aut
1424 3167 1638 3214 τοιγαροῦν
1664 3185 1708 3192 -
1727 3162 1874 3213 χρόνον
1900 3161 1908 3215 Ι
1935 3161 2027 3204 ἕδύ·

326 3219 403 3261 ναΐ
439 3222 692 3265 οὐδεπώποθ’
729 3226 858 3278 &orreo
884 3243 922 3278 μ,
949 3226 978 3268 ἒ.
1005 3227 1012 3281 Ι
1045 3227 1158 3280 <thu
1184 3229 1342 3271 πόλιν)
1372 3234 1441 3281 τῆς
1471 3227 1546 3270 uti.
1588 3229 1840 3280 improbans
1871 3230 2025 3272 Kockii
