2216 3522
1033 239 1111 277 121

247 356 422 407 corrige
454 356 614 409 ἔστιν,
644 360 671 399 i.
690 370 726 400 e.
761 363 939 406 extat,
968 363 1127 402 vivit.
1157 361 1363 411 Imperite
1390 361 1454 401 Bl.
1479 360 1664 400 coniecit
1689 356 1863 399 o’cm'dov’!
1911 383 1945 386 -

247 424 321 464 Vs.
352 426 418 465 16.
447 425 507 465 De
538 427 668 466 tostis
694 428 886 476 piscibus
916 429 1141 469 venalibus
1167 429 1230 469 Bl.
1259 429 1332 468 cft.
1361 429 1412 468 fr.
1432 429 1501 477 27,
1522 429 1570 476 7;
1600 427 1782 466 Philem.
1802 427 1871 466 80.
1893 450 1944 454 —

249 491 319 531 Vs.
358 493 421 532 17.
459 493 580 545 Idem
617 494 877 535 coniecturis
904 497 1025 536 addit
1055 491 1116 535 εἴτ’
1153 494 1343 546 ἐπέλαβεν
1374 489 1448 544 αὖ,
1480 494 1638 534 collato
1670 494 1947 542 Hippocratis

243 562 399 609 poetae
444 561 579 600 attico
627 572 781 610 parum
828 566 929 613 apto
977 564 1245 604 testimonio.
1299 563 1502 603 Traditae
1548 562 1723 602 lectioni
1768 561 1948 600 subesse

248 627 430 666 verbum
475 625 682 668 ἐπιτείνειν
727 631 927 679 agnitum
975 633 1044 671 est
1085 642 1110 671 a
1151 631 1318 670 multis.
1353 653 1409 657 —
1441 630 1516 669 Vs.
1553 630 1604 668 18
1651 627 1779 670 <οὐ>
1821 628 1950 667 malit

246 694 363 733 idem
397 705 471 744 pro
508 691 630 737 <ὃν>
666 696 815 737 forsan
846 699 1010 738 rectius
1040 700 1084 738 et
1116 709 1178 738 vs.
1219 699 1270 737 19
1303 700 1414 748 τρεῖς·
1449 690 1539 747 <ἧν
1572 693 1653 736 δὲ>
1684 691 1757 735 δεκ’
1795 691 1948 746 ὀβολῶν

249 758 270 800 ὁ
301 767 413 813 χοῦς,
445 763 557 811 quod
589 763 747 812 placet.

189 829 257 869 Fr.
294 830 360 879 16,
384 830 404 868 1
424 840 516 879 sqq.
574 829 666 877 τοὺς
698 828 770 881 μὲν
801 831 1043 884 στρατηγοὺς
1075 831 1144 879 τὰς
1176 829 1305 883 ὀφρῦς
1338 829 1437 870 ἐπὰν
1469 830 1542 870 ἴδω

572 895 865 949 ἀνεσπακότας,
896 898 1030 939 δεινὸν
1062 897 1134 951 μὲν
1165 896 1341 951 ἡγοῦμαι
1370 901 1570 949 ποιεῖν,

571 963 621 1004 οὗ
652 964 761 1005 πάνυ
792 980 826 1004 τι
859 966 1055 1017 θαυμάζω
1088 963 1141 1005 δὲ
1172 964 1246 1005 κτέ.

248 1028 331 1068 Pro
377 1033 507 1069 ποιεῖν
549 1031 620 1071 vel
661 1032 807 1081 potius
846 1036 961 1072 ποεῖν
1001 1034 1078 1080 (sic
1110 1034 1305 1083 cod.·A),
1339 1033 1432 1072 sine
1466 1043 1598 1072 causa
1639 1032 1760 1071 Kock
1801 1034 1950 1070 παθεῖν

248 1097 293 1134 et
332 1095 523 1145 Blaydes
554 1093 589 1148 μ’
623 1097 722 1137 ἰδεῖν
754 1101 830 1139 aut
860 1098 1019 1151 βλέπειν
1050 1101 1381 1150 proposuerunt.
1416 1122 1470 1128 —
1502 1100 1574 1139 Vs.
1605 1102 1642 1139 7.
1677 1100 1740 1138 Bl.
1774 1097 1949 1145 ἕλκοντες

248 1164 325 1202 aut
380 1164 526 1212 potius
583 1164 760 1217 αἴροντες
815 1177 892 1215 pro
949 1165 1100 1218 ἔχοντες
1156 1169 1200 1207 et
1252 1167 1468 1207 violenter
1519 1178 1583 1207 vs.
1632 1168 1657 1206 9
1715 1166 1817 1206 πολύ
1872 1177 1949 1216 pro

247 1229 372 1280 βαρύ,
411 1232 524 1280 quod
567 1242 654 1272 non
696 1233 1044 1275 sollicitaverim.
1088 1235 1264 1274 Grave
1306 1236 1414 1274 est!
1459 1235 1553 1281 (scil
1579 1237 1753 1274 tantum
1779 1234 1951 1274 solvere

246 1298 463 1346 pretium).
490 1321 542 1327 —-
570 1299 643 1340 Vs.
672 1301 721 1339 11
756 1301 819 1340 ΒΙ.
856 1302 1102 1351 „offendere
1135 1313 1220 1342 non
1247 1302 1374 1342 debet
1405 1303 1513 1342 dura
1543 1303 1771 1353 anapaesti
1798 1302 1951 1341 incisio

246 1366 421 1415 propter
481 1367 925 1416 interpunctionem‘·.
975 1370 1034 1409 At
1095 1370 1383 1410 offensionem
1449 1373 1582 1420 auget
1638 1370 1949 1419 interpunctio,

208 1461 210 1463 -
246 1432 404 1482 quippe
449 1444 560 1482 quae
605 1437 727 1482 παῖζε·
773 1437 937 1475 τοσουδί
974 1440 1067 1478 arte
1110 1439 1312 1487 coniungi
1355 1440 1486 1478 vetet.
1539 1438 1822 1478 Probabiliter
1864 1448 1950 1477 cor-

248 1499 366 1540 rexit
397 1501 532 1541 Kock.

170 1567 259 1610 ‚Fr.
298 1568 364 1618 17,
400 1569 439 1608 2.
472 1569 535 1609 Bl.
569 1571 714 1611 tentat
746 1571 985 1610 Δαιδάλειοι.
1020 1574 1061 1610 Β.
1094 1578 1178 1619 πῶς
1215 1571 1442 1624 <λέγεις;>

190 1634 259 1674 Fr.
297 1636 362 1676 18.
575 1643 653 1676 τῶν
685 1632 760 1677 οὖν
791 1639 1016 1690 κορακίνων
1047 1642 1190 1690 πεῖραν
1222 1638 1310 1690 οὐχὶ
1341 1639 1578 1691 λαμβάνεις;

333 1717 338 1721 ”
535 1736 538 1738 -
578 1703 673 1745 οὐδὲ
703 1706 908 1757 τριχίδων,
939 1703 1046 1746 οὐδ’
1083 1702 1387 1758 οἷονέψητῶν
1417 1713 1558 1755 τινῶν;

249 1769 455 1811 Formula
485 1769 574 1811 οὐδ’
610 1768 715 1822 οἷον,
746 1775 943 1823 procul
972 1775 1134 1814 abest
1165 1776 1244 1824 ut,
1280 1775 1499 1825 nedum,
1527 1774 1767 1814 faciliorem
1795 1774 1955 1812 habeat

177 1881 182 1884 ,
246 1837 676 1890 interpretationem,
719 1841 758 1880 si
800 1852 864 1880 vs.
900 1842 924 1880 2
967 1842 1132 1881 omisso
1172 1842 1471 1891 interrogandi
1502 1842 1644 1892 signo,
1684 1842 1742 1881 sit
1774 1841 1955 1880 alterius

204 1954 208 1958 ⁴
248 1915 461 1954 personae
492 1918 769 1958 responsum.
803 1908 864 1949 Cf.
899 1910 950 1949 fr.
985 1910 1083 1959 202,
1119 1910 1159 1949 4.

190 1972 260 2013 Fr.
297 1974 363 2023 19,
399 1975 423 2013 3
457 1985 520 2023 sq.
554 1972 702 2026 ἡμέρας
736 1976 869 2032 δρόμῳ
900 1975 905 2028 Ι
933 1976 1128 2027 κρείττων.
1163 1976 1221 2016 Of.
1254 1977 1328 2016 Ar.
1362 1977 1470 2017 Nub.
1504 1978 1591 2016 430

412 2047 491 2080 τῶν
515 2038 721 2093 (Ελλήνων
753 2039 858 2082 εἶναί
886 2058 932 2094 με
964 2042 1090 2096 λέγειν
1121 2042 1262 2083 ἑκατὸν
1294 2044 1515 2083 σταδίοισιν
1547 2041 1718 2095 ἄριστον.

250 2107 358 2147 Vide
389 2109 524 2148 etiam
557 2110 708 2160 Eupol.
743 2111 794 2150 fr.
830 2112 899 2151 94.

299 2176 824 2216 ΑΠΟΚΟΠΤΟΜΕΝΟΣ
843 2195 924 2228 „=
937 2176 1170 2225 ἄπόκοποςῖ
1188 2178 1248 2218 Of.
1266 2177 1474 2230 Εὐνοῦχος
1490 2178 1692 2217 titulus'’.
1707 2176 1954 2217 O.Crusius.

191 2241 260 2282 Fr.
295 2243 363 2292 22,
402 2244 435 2282 1.
471 2243 698 2293 Virgulam
732 2246 828 2285 dele
861 2256 960 2285 cum
994 2246 1058 2285 Bl.

191 2310 258 2350 Fr.
293 2311 362 2350 25.
395 2311 574 2351 Rectius
605 2313 656 2352 de
690 2314 819 2352 huius
853 2314 1028 2362 eclogae
1062 2314 1240 2352 auctore
1271 2313 1489 2351 iudicasse
1526 2312 1788 2352 Meinekium
1824 2322 1955 2359 quam

249 2377 465 2417 Kockium
507 2379 611 2418 olim
655 2380 970 2420 existimabam
1014 2382 1058 2420 et
1098 2390 1211 2419 nunc
1254 2379 1474 2419 existimo.
1512 2402 1564 2407 —
1600 2379 1671 2418 Vs.
1707 2380 1732 2418 4
1766 2378 1957 2428 πίνωμεν,

252 2443 449 2496 ἐσθίωμεν
507 2457 593 2486 non
650 2448 766 2487 male
808 2448 871 2487 Bl.
913 2471 959 2476 —
996 2448 1068 2487 VS.
1114 2449 1153 2487 ὅ.
1208 2446 1280 2497 τὴν
1323 2445 1459 2497 ψυχὴν
1507 2445 1664 2498 τρέφειν
1710 2444 1955 2495 significare

256 2512 428 2552 videtur
468 2517 643 2564 χρῆσθαι
685 2520 732 2569 τῇ
764 2514 903 2564 φύσει,
940 2515 966 2554 i.
986 2525 1021 2554 e.
1062 2515 1227 2564 genio
1261 2514 1571 2562 indulgere.
1615 2536 1671 2541 —
1711 2513 1782 2552 Vs.
1817 2514 1855 2552 6.
1890 2512 1955 2551 Ad

256 2579 371 2630 ἥὸῖον
421 2580 573 2621 Nauck
620 2583 847 2631 praeterea
897 2582 971 2621 cst.
1015 2582 1239 2631 Eupolidis
1282 2591 1346 2621 vs.
1390 2581 1433 2620 in
1483 2582 1577 2619 ΕΜ
1604 2579 1698 2619 ὅσον
1735 2575 1871 2631 γένοιτ’
1907 2576 1957 2616 ἂν

255 2645 356 2702 αὐτῇ
387 2647 523 2699 βελτίω
552 2647 557 2700 Ι
585 2647 632 2687 τὰ
662 2649 872 2701 πράγματα
905 2650 949 2688 et
981 2649 1125 2698 Eurip.
1158 2649 1210 2688 fr.
1247 2650 1331 2688 546
1366 2650 1410 2687 et
1441 2648 1568 2696 Trag.
1602 2648 1747 2696 adesp.
1783 2647 1881 2685 320.
1903 2668 1954 2674 —-

254 2713 329 2754 Vs.
363 2714 402 2754 8.
444 2712 563 2766 ἀρχαί
599 2715 663 2755 Bl.
697 2726 773 2765 pro
805 2714 941 2766 ἀρεταί
969 2717 1080 2755 satis
1112 2715 1394 2765 probabiliter
1425 2717 1469 2754 et
1501 2725 1565 2754 vs.
1604 2715 1655 2753 10
1688 2715 1804 2753 recte
1837 2724 1955 2763 prae·

255 2781 341 2821 fert
371 2781 606 2823 lectionem
638 2780 674 2822 σ’
711 2781 731 2822 ὁ
764 2783 929 2834 δαίμων.

196 2848 264 2888 Fr.
298 2849 366 2899 27,
400 2850 439 2888 6.
474 2849 637 2890 Iniuria
668 2851 894 2890 sollicitari
927 2845 1013 2889 οἷόν
1046 2864 1083 2888 τε
1115 2850 1219 2889 olim
1252 2849 1498 2889 ostendisse
1530 2849 1639 2887 mihi
1671 2849 1831 2888 videor.

198 2914 266 2954 Fr.
300 2916 369 2966 30,
408 2918 427 2954 1
462 2927 555 2965 sqq.
604 2917 665 2957 Cf.
714 2918 849 2957 etiam
897 2917 1025 2966 Soph.
1071 2917 1116 2956 Ο.
1152 2918 1199 2955 R.
1249 2918 1330 2955 110
1373 2916 1433 2961 (O.
1463 2915 1671 2960 Crusius).
1716 2915 1789 2954 Vs.
1833 2915 1858 2953 4
1892 2925 1955 2963 sq.

255 2983 429 3039 τοσούτῳ
455 2986 531 3024 aut
557 2990 635 3023 τῶν
666 2983 749 3023 ἅνω
782 2987 826 3024 et
858 2983 1053 3030 ἀνατολάς
1085 2984 1263 3023 inutiles
1290 2985 1392 3022 sunt
1418 2983 1637 3031 Blaydesii
1664 2983 1955 3031 coniecturae,

259 3050 332 3099 qui
352 3061 428 3090 vs.
463 3052 486 3091 7
522 3053 765 3104 συγγενικῶν
797 3052 989 3101 explicat
1020 3051 1289 3090 familiar.

199 3117 267 3157 Fr.
302 3118 371 3158 31.
404 3118 545 3158 Idem:
584 3118 695 3170 <τὴν
725 3118 838 3171 γὰρ>
876 3117 1053 3170 ἀγκύλην
1082 3117 1087 3169 Ι
1117 3123 1183 3167 τῆς
1217 3115 1388 3168 ἐμβάδος
1426 3117 1647 3167 <ταύτης>
1684 3119 1876 3155 λυθεῖσαν
1909 3115 1956 3155 οὐ

257 3187 385 3232 καλῶς
414 3183 419 3239 Ι
447 3184 645 3238 ἕσφιγξας.

199 3251 267 3291 Fr.
301 3252 370 3292 34.
404 3253 467 3292 Bl.
502 3253 575 3292 cst.
610 3254 738 3303 Soph.
772 3254 822 3293 fr.
858 3254 942 3292 809
977 3249 1115 3301 ch.²,
1153 3251 1366 3290 Headlam
1401 3250 1510 3289 Piat.
1545 3250 1648 3299 Rep.
1683 3249 1829 3289 6040.
1864 3249 1956 3289 Non
