2216 3522
1042 224 1123 262 197

259 341 527 390 iungendum
554 352 653 381 cum
681 341 925 395 ἐπηρώτησε,
960 348 1008 386 ut
1036 347 1094 386 sit
1131 348 1246 388 alta
1282 360 1435 400 voce,
1469 352 1581 391 sicut
1615 354 1658 391 in
1690 351 1787 404 μέγα
1817 352 1960 406 λέγειν,

258 409 378 459 βοᾶν,
413 408 629 456 στενάζειν,
658 411 878 452 similibus
910 414 1098 453 multis?
1128 415 1221 455 Hoc
1247 418 1392 465 potius
1420 419 1688 460 crediderim.
1710 444 1761 448 —
1786 422 1857 461 νε.
1891 424 1956 462 10.

259 474 366 533 ἔστι
412 476 652 520 κατάλοιπον
699 480 790 519 cod.
842 483 892 527 A]
937 479 1012 519 ἔτι
1060 482 1250 532 Dobree,
1294 484 1436 534 Koek;
1480 484 1583 524 ἔστιν
1624 486 1678 525 ἔτι
1720 489 1860 527 λοιπόν
1893 490 1956 529 Bl.

260 544 427 583 Addere
468 545 634 594 possim
677 543 731 584 ἔτ’
768 541 828 598 ἦν
860 547 1118 598 κατάλοιπον,
1159 561 1270 598 quae
1302 551 1660 600 frequentissima
1691 556 1759 594 est
1790 556 1958 595 dicendi

259 611 384 650 ratio.
412 634 468 638 —
493 611 565 651 Vs.
603 613 669 662 12,
702 615 754 652 19
782 616 826 654 et
852 616 908 655 46
936 618 1052 655 recte
1069 617 1132 656 Bl.
1161 617 1353 658 defendit
1379 629 1404 658 a
1430 620 1582 659 Kockii
1609 622 1882 662 coniecturis.
1907 646 1947 650 -

259 679 332 718 Vs.
366 680 435 719 20.
479 679 600 719 Idem
633 683 678 720 et
718 681 932 722 Headlam
968 683 1211 733 μανθάνεις;
1242 685 1442 726 inserunt
1473 690 1574 727 ante
1606 687 1654 727 οὐ
1687 688 1883 738 μανθάνω
1915 692 1958 729 et

259 757 324 786 vs.
369 746 423 786 24
465 747 529 786 Bl.
580 745 700 799 ἔγωγε
741 751 843 789 ante
893 751 1063 801 τούτων,
1129 752 1342 792 Headlam
1398 764 1501 794 vero
1559 766 1658 795 cum
1706 756 1958 796 casaubono

258 812 469 865 ἄνθρωπε,
504 814 592 854 alia
621 816 835 867 Meineke,
870 828 948 858 nec
980 819 1082 868 quid
1115 830 1267 859 verum
1299 822 1358 860 sit
1388 822 1471 861 dici
1502 825 1658 872 potest.
1694 846 1747 851 ——
1780 823 1853 863 Vs.
1888 825 1956 867 26.

258 881 322 922 Bl.
356 882 408 921 de
438 881 614 921 λαικάσει
646 884 719 924 oft.
753 884 1033 934 Cephisodoti
1064 887 1115 927 fr.
1149 888 1187 937 3,
1224 890 1262 927 5.

198 988 405 1033 Biottus.
448 991 681 1041 Perperam
714 994 778 1033 Bl.
822 995 1028 1033 ΒΙΟΤΟΣ
1069 996 1373 1045 corrigendum
1405 999 1544 1046 putat.
1578 999 1735 1038 Forma
1766 1000 1958 1039 nominis

257 1067 357 1097 cum
389 1058 551 1108 duplici
586 1061 621 1097 T
647 1062 814 1110 passim
846 1063 1034 1102 occurrit
1064 1064 1108 1102 in
1139 1064 1296 1103 titulis.

122 1161 131 1171 ’
201 1163 485 1208 Athenionis
516 1167 567 1207 fr.
606 1169 642 1217 1,
678 1169 716 1208 2.
750 1169 813 1209 Bi.
848 1166 1000 1208 πλεῖσθ’
1036 1169 1134 1217 ὅλως
1168 1171 1252 1217 (vel
1283 1174 1441 1210 πλεῖστα
1473 1171 1536 1222 δὴ)
1569 1173 1828 1225 προενήνοχε;
1861 1186 1955 1214 usu-

258 1243 340 1282 que
371 1243 477 1273 sane
509 1236 842 1275 commendatur
874 1237 1018 1276 forma
1047 1238 1206 1277 activa.
1231 1261 1284 1266 -
1312 1238 1385 1278 Vs.
1418 1240 1470 1278 16
1503 1241 1547 1279 et
1573 1251 1636 1280 vs.
1656 1241 1710 1280 26
1738 1239 1801 1279 ἐπὶ
1826 1242 1957 1290 μεῖζον

258 1311 334 1350 pro
366 1299 429 1339 ἐπὶ
459 1304 596 1340 πλεῖον
627 1304 808 1351 requirit
840 1304 973 1354 idem,
1008 1303 1070 1343 ἐπὶ
1100 1301 1243 1344 πλείον’
1279 1306 1429 1346 Nauck
1455 1307 1531 1345 vix
1557 1309 1697 1356 recte;
1725 1308 1956 1357 legendum

260 1368 432 1408 videtur
458 1367 520 1407 ἐπὶ
546 1368 666 1408 πλέον
690 1364 855 1421 (ηὖξον).
872 1394 922 1400 -
938 1372 1012 1411 Vs.
1033 1373 1101 1412 22.
1130 1373 1329 1412 Praefero
1347 1374 1504 1413 Naberi
1522 1375 1835 1415 correctionem
1853 1390 1957 1427 γεγε-

261 1433 440 1484 νημένων
466 1435 716 1476 Kockianae
740 1436 892 1488 ἐράνων
919 1438 1065 1488 μόνων.
1086 1462 1138 1466 -
1156 1439 1230 1479 VS.
1260 1441 1329 1479 30.
1363 1438 1612 1492 διεγίγγραν’,
1629 1442 1725 1481 coll.
1743 1442 1956 1494 γιγγραντά

259 1503 461 1542 Axionici
502 1504 553 1543 fr.
587 1505 627 1553 3,
662 1505 701 1554 3,
744 1506 838 1545 iure
879 1506 959 1555 BL,
1011 1507 1083 1554 qui
1121 1505 1376 1558 ὑποκρούσας
1423 1508 1739 1558 interpretatus
1783 1509 1957 1557 πατάξας

259 1571 368 1616 (coll.
398 1571 567 1611 Alexid.
602 1572 743 1628 σιλφίῳ
766 1595 813 1599 -
835 1573 1007 1620 πατάξας
1043 1575 1109 1620 [?])
1141 1577 1279 1625 γλυκεῖ
1305 1575 1519 1614 violenter
1544 1578 1689 1615 mutat
1713 1577 1754 1615 in
1783 1574 1863 1625 ἁλί,
1889 1578 1955 1616 cui

259 1640 483 1688 praeterea
515 1640 766 1680 consuetius
793 1638 884 1679 ἁλσί
912 1642 1338 1699 praetuleriffirecte
1371 1644 1518 1682 autem
1550 1643 1670 1682 Kook
1700 1646 1838 1695 γλυκεῖ
1861 1644 1956 1699 οἴνῳ

259 1705 499 1753 intellexit;
518 1705 778 1757 ὑποκρούειν,
794 1708 832 1747 si
849 1718 1004 1747 sanum
1017 1739 1026 1757 ,
1041 1710 1108 1747 est
1123 1709 1320 1757 ignotum
1339 1709 1463 1748 nobis
1479 1710 1659 1749 verbum
1678 1711 1935 1750 culinarium
1946 1742 1955 1760 ,

258 1774 334 1813 sed
376 1774 522 1823 potius
562 1774 823 1813 mendosum
870 1775 1052 1814 videtur.
1088 1798 1139 1803 —
1173 1775 1246 1815 Vs.
1280 1777 1349 1815 32.
1391 1776 1649 1823 πουλύποδας
1687 1777 1825 1826 Kock‚
1859 1778 1954 1817 coll.

258 1842 510 1881 Anaxandr.
542 1842 593 1881 fr.
627 1842 707 1891 30,
740 1842 970 1881 substituit
1000 1853 1077 1891 pro
1104 1842 1329 1890 πολυτελές,
1359 1844 1434 1882 sed
1461 1846 1634 1893 propter
1660 1844 1803 1884 vicina
1833 1855 1954 1884 voca-

258 1909 359 1948 bula
405 1919 505 1948 cum
551 1909 614 1948 Bl.
656 1909 811 1948 malim
856 1910 1106 1949 πουλύποδα.
1143 1933 1194 1938 -
1228 1911 1302 1950 νε.
1336 1912 1405 1950 42.
1454 1911 1535 1951 Pro
1582 1910 1800 1950 ὑπακούειν
1847 1912 1955 1951 bene

258 1976 472 2015 Headlam
512 1976 691 2025 corrigit
725 1974 955 2026 ἐπακούειν,
986 1977 1062 2016 sed
1099 1978 1200 2025 quia
1237 1977 1317 2017 hoc
1348 1978 1530 2017 verbum
1562 1979 1813 2027 genetivum
1845 1980 1957 2028 regit

257 2043 411 2083 eadem
456 2053 587 2093 opera
631 2043 820 2083 scribere
861 2044 1069 2083 debuerat
1108 2041 1222 2094 ἡμῶν
1262 2055 1338 2094 pro
1374 2041 1481 2095 ἡμῖν.
1515 2067 1566 2072 -
1600 2045 1673 2085 νε.
1706 2048 1775 2085 44.
1808 2047 1955 2095 Neque

258 2111 439 2150 Iacobsii
471 2111 720 2150 coniectura.
750 2109 865 2159 ἀφεὶς
892 2121 1032 2160 neque
1058 2111 1249 2151 Coraesii
1266 2111 1291 2150 ἅ
1308 2127 1387 2163 φης
1415 2112 1637 2161 (probante
1654 2113 1733 2158 Bl.)
1760 2124 1835 2162 pro
1857 2111 1954 2162 ἀφὲς

256 2177 455 2218 sufficere
488 2179 672 2218 videtur.
705 2179 990 2218 Probabliiter
1020 2179 1179 2218 Naber:
1214 2176 1312 2229 ὑπὲρ
1339 2178 1539 2230 εὐσεβείας
1566 2173 1639 2218 οὖν
1671 2180 1837 2226 (malim
1868 2185 1953 2225 νῦν)

258 2244 379 2292 ἅλις·
411 2251 564 2284 παῦσαι
594 2244 735 2297 λέγων.
769 2245 947 2297 ἥμαρτον
980 2244 1055 2284 κτὲ.

201 2352 462 2397 Alexandri
508 2354 655 2394 fabula
704 2356 1046 2394 ΤΙΤΙΓΟΝΙΟΝ.
1094 2355 1155 2394 De
1203 2355 1372 2394 ultimis
1418 2355 1571 2394 Kockii
1619 2355 1761 2394 verbis
1807 2355 1954 2393 Nauck

258 2423 409 2461 monet
439 2422 482 2461 in
516 2422 656 2462 indice
687 2423 951 2462 Aristoteleo
983 2423 1067 2471 legi
1099 2421 1438 2474 τεττιγόνιον.

201 2521 472 2564 Dexicratis
502 2521 552 2561 fr.

613 2588 649 2627 εἰ
678 2586 720 2628 δὲ
751 2589 890 2640 μεθύω
923 2587 989 2628 καὶ
1021 2589 1135 2640 χίονα
1166 2588 1268 2627 πίνω
1300 2587 1366 2626 καὶ
1399 2589 1526 2638 μύρον

614 2652 787 2706 ἐπίσταμ’
823 2655 895 2695 ὅτι
928 2656 1135 2706 κράτιστον
1174 2655 1371 2707 Αἴγυπτος
1403 2658 1498 2693 ποεῖ
1525 2678 1577 2683 -

257 2723 419 2763 Deesse
461 2723 668 2772 apodosin
711 2724 1026 2763 animadvertit
1067 2723 1204 2771 Kock‚
1248 2723 1324 2761 sed
1365 2723 1578 2770 corrigere
1611 2722 1817 2761 debuerat
1849 2720 1869 2759 ὅ
1900 2736 1941 2759 τι

260 2790 423 2829 Sensus
489 2790 629 2829 enim:
691 2793 744 2829 et
800 2801 898 2830 usu
956 2791 1086 2829 novi
1135 2790 1391 2838 quidquid
1438 2789 1637 2837 optimi
1685 2789 1953 2837 unguenti

259 2858 521 2908 producit
566 2858 873 2907 Aegyptus.
923 2857 1038 2896 Nihil
1080 2867 1188 2906 opus
1230 2857 1419 2896 violenta
1458 2856 1675 2904 Blaydesii
1708 2855 1955 2894 coniectura

259 2925 371 2979 μύρῳ
400 2920 406 2977 Ι
434 2920 624 2975 μυρίζομ’.

204 3032 443 3076 Domonioi
478 3033 529 3072 fr.
566 3033 602 3082 1,
637 3033 687 3071 3.·
721 3032 884 3071 Iniuria
916 3031 979 3071 Bl.
1021 3032 1159 3079 carpit
1191 3030 1418 3078 Cobetum‚
1462 3029 1573 3077 quod
1604 3028 1714 3075 εἴπας
1747 3038 1830 3067 non
1862 3038 1951 3067 inu-

258 3101 362 3140 tarit
394 3101 438 3140 in
470 3099 602 3139 εἰπών.
636 3100 906 3148 Quantopere
939 3100 1031 3148 ipse
1058 3100 1172 3137 erret
1204 3097 1365 3136 videbit
1391 3097 1583 3145 inspecto
1610 3095 1766 3135 Iacobii
1796 3094 1951 3133 Indice.

262 3168 379 3207 Scire
412 3178 451 3206 v.
485 3178 519 3206 c.
555 3167 684 3205 velim
718 3167 817 3215 quid
851 3167 982 3205 faciat
1028 3175 1131 3204 mox
1165 3163 1369 3212 Euangeli
1403 3163 1452 3202 fr.
1490 3165 1524 3211 1,
1558 3165 1574 3201 1
1608 3162 1749 3201 verbis
1778 3156 1865 3199 εἶπά
1892 3172 1953 3198 σοι

260 3235 304 3274 in
334 3233 419 3274 fine
450 3234 660 3274 octonarii
693 3233 915 3273 trochaici.
