<?xml version="1.0" encoding="UTF-8"?>
<!DOCTYPE html PUBLIC "-//W3C//DTD XHTML 1.0 Transitional//EN"
    "http://www.w3.org/TR/xhtml1/DTD/xhtml1-transitional.dtd">
<html xmlns="http://www.w3.org/1999/xhtml" xml:lang="en" lang="en">
 <head>
  <title>
</title>
<meta http-equiv="Content-Type" content="text/html;charset=utf-8" />
  <meta name='ocr-system' content='tesseract 3.04.00' />
  <meta name='ocr-capabilities' content='ocr_page ocr_carea ocr_par ocr_line ocrx_word'/>
</head>
<body>
  <div class='ocr_page' id='page_1' title='image "./collectaneacriti00herwuoft_0045.png"; bbox 0 0 2216 3522; ppageno 0'>
   <div class='ocr_carea' id='block_1_1' title="bbox 1072 222 1125 261">
    <p class='ocr_par' dir='ltr' id='par_1_1' title="bbox 1072 222 1125 261">
     <span class='ocr_line' id='line_1_1' title="bbox 1072 222 1125 261; baseline 0 0"><span class='ocrx_word' id='word_1_1' title='bbox 1072 222 1125 261; x_wconf 86' lang='lat'>31</span> 
     </span>
    </p>
   </div>
   <div class='ocr_carea' id='block_1_2' title="bbox 199 338 1980 3293">
    <p class='ocr_par' dir='ltr' id='par_1_2' title="bbox 219 338 1979 1001">
     <span class='ocr_line' id='line_1_2' title="bbox 219 338 1976 399; baseline 0.007 -22"><span class='ocrx_word' id='word_1_2' title='bbox 219 338 288 378; x_wconf 92' lang='lat' dir='ltr'>Fr.</span> <span class='ocrx_word' id='word_1_3' title='bbox 321 339 426 389; x_wconf 83' lang='lat'><strong>352,</strong></span> <span class='ocrx_word' id='word_1_4' title='bbox 468 340 505 380; x_wconf 90' lang='lat'>1.</span> <span class='ocrx_word' id='word_1_5' title='bbox 552 340 727 381; x_wconf 84' lang='lat' dir='ltr'>Revoca</span> <span class='ocrx_word' id='word_1_6' title='bbox 761 342 951 383; x_wconf 88' lang='lat' dir='ltr'>formam</span> <span class='ocrx_word' id='word_1_7' title='bbox 993 346 1287 394; x_wconf 84' lang='lat' dir='ltr'>antiquiorem</span> <span class='ocrx_word' id='word_1_8' title='bbox 1329 347 1510 386; x_wconf 85' lang='lat' dir='ltr'>atticam</span> <span class='ocrx_word' id='word_1_9' title='bbox 1552 347 1765 399; x_wconf 81' lang='grc' dir='ltr'><strong><em>Σωκράτη,</em></strong></span> <span class='ocrx_word' id='word_1_10' title='bbox 1801 351 1846 389; x_wconf 90' lang='lat' dir='ltr'>et</span> <span class='ocrx_word' id='word_1_11' title='bbox 1877 361 1976 390; x_wconf 91' lang='lat' dir='ltr'>cum</span> 
     </span>
     <span class='ocr_line' id='line_1_3' title="bbox 278 404 1978 461; baseline 0.006 -15"><span class='ocrx_word' id='word_1_12' title='bbox 278 406 492 452; x_wconf 81' lang='lat' dir='ltr'>Meinekio</span> <span class='ocrx_word' id='word_1_13' title='bbox 527 407 623 457; x_wconf 87' lang='lat' dir='ltr'>lege</span> <span class='ocrx_word' id='word_1_14' title='bbox 656 404 691 447; x_wconf 82' lang='grc' dir='ltr'>δ’</span> <span class='ocrx_word' id='word_1_15' title='bbox 729 407 873 461; x_wconf 81' lang='grc' dir='ltr'><strong><em>&lt;ἕγὼ&gt;</em></strong></span> <span class='ocrx_word' id='word_1_16' title='bbox 905 409 971 449; x_wconf 85' lang='grc' dir='ltr'><strong><em>καὶ</em></strong></span> <span class='ocrx_word' id='word_1_17' title='bbox 1002 413 1050 450; x_wconf 89' lang='grc' dir='ltr'>Σ.</span> <span class='ocrx_word' id='word_1_18' title='bbox 1097 412 1184 452; x_wconf 84' lang='lat' dir='ltr'>Nec</span> <span class='ocrx_word' id='word_1_19' title='bbox 1230 423 1340 453; x_wconf 88' lang='lat' dir='ltr'>sana</span> <span class='ocrx_word' id='word_1_20' title='bbox 1384 416 1490 454; x_wconf 90' lang='lat' dir='ltr'>sunt</span> <span class='ocrx_word' id='word_1_21' title='bbox 1529 425 1594 454; x_wconf 87' lang='lat' dir='ltr'>vs.</span> <span class='ocrx_word' id='word_1_22' title='bbox 1629 416 1655 454; x_wconf 88' lang='grc'><strong>3</strong></span> <span class='ocrx_word' id='word_1_23' title='bbox 1698 416 1831 456; x_wconf 90' lang='lat' dir='ltr'>verba</span> <span class='ocrx_word' id='word_1_24' title='bbox 1860 432 1978 456; x_wconf 77' lang='grc' dir='ltr'><strong><em>κατα-</em></strong></span> 
     </span>
     <span class='ocr_line' id='line_1_4' title="bbox 277 473 1973 537; baseline 0.006 -24"><span class='ocrx_word' id='word_1_25' title='bbox 277 478 422 533; x_wconf 69' lang='grc' dir='ltr'><strong><em>φαγεῖν</em></strong></span> <span class='ocrx_word' id='word_1_26' title='bbox 451 473 550 526; x_wconf 80' lang='grc' dir='ltr'><strong><em>ἔχοι,</em></strong></span> <span class='ocrx_word' id='word_1_27' title='bbox 578 486 654 525; x_wconf 89' lang='lat' dir='ltr'>pro</span> <span class='ocrx_word' id='word_1_28' title='bbox 686 476 844 526; x_wconf 90' lang='lat' dir='ltr'>quibus</span> <span class='ocrx_word' id='word_1_29' title='bbox 875 478 939 518; x_wconf 95' lang='lat' dir='ltr'>Bl.</span> <span class='ocrx_word' id='word_1_30' title='bbox 973 480 1084 519; x_wconf 89' lang='lat' dir='ltr'>coni.</span> <span class='ocrx_word' id='word_1_31' title='bbox 1118 476 1183 518; x_wconf 88' lang='grc' dir='ltr'><strong><em>σῖτ’</em></strong></span> <span class='ocrx_word' id='word_1_32' title='bbox 1220 478 1295 528; x_wconf 79' lang='grc' dir='ltr'><strong><em>ἕξει</em></strong></span> <span class='ocrx_word' id='word_1_33' title='bbox 1326 485 1490 533; x_wconf 81' lang='grc' dir='ltr'><em>φαγεῖν,</em></span> <span class='ocrx_word' id='word_1_34' title='bbox 1520 483 1679 522; x_wconf 89' lang='lat' dir='ltr'>melius</span> <span class='ocrx_word' id='word_1_35' title='bbox 1710 494 1843 532; x_wconf 91' lang='lat' dir='ltr'>quam</span> <span class='ocrx_word' id='word_1_36' title='bbox 1872 484 1915 523; x_wconf 81' lang='grc' dir='ltr'>δέ</span> <span class='ocrx_word' id='word_1_37' title='bbox 1942 483 1973 537; x_wconf 89' lang='grc' dir='ltr'>γ’</span> 
     </span>
     <span class='ocr_line' id='line_1_5' title="bbox 279 539 1978 602; baseline 0.007 -22"><span class='ocrx_word' id='word_1_38' title='bbox 279 542 365 589; x_wconf 83' lang='lat' dir='ltr'>(vel</span> <span class='ocrx_word' id='word_1_39' title='bbox 395 557 432 581; x_wconf 83' lang='grc' dir='ltr'>τι</span> <span class='ocrx_word' id='word_1_40' title='bbox 463 539 517 589; x_wconf 85' lang='grc' dir='ltr'>δ’)</span> <span class='ocrx_word' id='word_1_41' title='bbox 555 541 630 591; x_wconf 78' lang='grc' dir='ltr'><strong><em>ἕξει</em></strong></span> <span class='ocrx_word' id='word_1_42' title='bbox 668 548 934 597; x_wconf 81' lang='grc' dir='ltr'><em>καταφαγεῖν,</em></span> <span class='ocrx_word' id='word_1_43' title='bbox 973 557 1077 587; x_wconf 86' lang='lat' dir='ltr'>nam</span> <span class='ocrx_word' id='word_1_44' title='bbox 1119 548 1252 588; x_wconf 84' lang='lat' dir='ltr'>verbo</span> <span class='ocrx_word' id='word_1_45' title='bbox 1292 549 1536 600; x_wconf 82' lang='grc' dir='ltr'><strong><em>κατεσθίειν,</em></strong></span> <span class='ocrx_word' id='word_1_46' title='bbox 1576 551 1869 602; x_wconf 85' lang='lat' dir='ltr'>devorare,</span> <span class='ocrx_word' id='word_1_47' title='bbox 1903 555 1978 593; x_wconf 83' lang='lat' dir='ltr'>vix</span> 
     </span>
     <span class='ocr_line' id='line_1_6' title="bbox 277 610 1975 670; baseline 0.006 -21"><span class='ocrx_word' id='word_1_48' title='bbox 277 610 400 650; x_wconf 91' lang='lat' dir='ltr'>locus</span> <span class='ocrx_word' id='word_1_49' title='bbox 440 616 521 651; x_wconf 86' lang='lat' dir='ltr'>est.</span> <span class='ocrx_word' id='word_1_50' title='bbox 563 611 618 651; x_wconf 90' lang='lat' dir='ltr'>Et</span> <span class='ocrx_word' id='word_1_51' title='bbox 659 613 840 652; x_wconf 91' lang='lat' dir='ltr'>verbum</span> <span class='ocrx_word' id='word_1_52' title='bbox 882 614 1074 664; x_wconf 85' lang='lat' dir='ltr'>simplex</span> <span class='ocrx_word' id='word_1_53' title='bbox 1115 616 1247 656; x_wconf 90' lang='lat' dir='ltr'>habet</span> <span class='ocrx_word' id='word_1_54' title='bbox 1286 617 1567 668; x_wconf 83' lang='lat' dir='ltr'><strong>Asclepiades</strong></span> <span class='ocrx_word' id='word_1_55' title='bbox 1609 619 1742 659; x_wconf 86' lang='lat' dir='ltr'>Arist.</span> <span class='ocrx_word' id='word_1_56' title='bbox 1789 620 1975 670; x_wconf 85' lang='lat' dir='ltr'>Metaph.</span> 
     </span>
     <span class='ocr_line' id='line_1_7' title="bbox 280 680 1977 738; baseline 0.005 -20"><span class='ocrx_word' id='word_1_57' title='bbox 280 680 366 720; x_wconf 87' lang='lat'>603</span> <span class='ocrx_word' id='word_1_58' title='bbox 399 690 437 719; x_wconf 83' lang='lat' dir='ltr'>a.</span> <span class='ocrx_word' id='word_1_59' title='bbox 468 680 516 729; x_wconf 83' lang='lat'>4,</span> <span class='ocrx_word' id='word_1_60' title='bbox 563 681 638 729; x_wconf 89' lang='lat' dir='ltr'>qui</span> <span class='ocrx_word' id='word_1_61' title='bbox 678 682 832 721; x_wconf 74' lang='lat' dir='ltr'>scribit</span> <span class='ocrx_word' id='word_1_62' title='bbox 871 681 1005 721; x_wconf 82' lang='grc' dir='ltr'><strong><em>πόθεν</em></strong></span> <span class='ocrx_word' id='word_1_63' title='bbox 1046 681 1089 722; x_wconf 82' lang='grc' dir='ltr'>δὲ</span> <span class='ocrx_word' id='word_1_64' title='bbox 1129 684 1284 738; x_wconf 80' lang='grc' dir='ltr'><strong><em>φάγῃ,</em></strong></span> <span class='ocrx_word' id='word_1_65' title='bbox 1322 685 1465 724; x_wconf 83' lang='grc' dir='ltr'><strong><em>τούτου</em></strong></span> <span class='ocrx_word' id='word_1_66' title='bbox 1505 684 1772 737; x_wconf 78' lang='grc' dir='ltr'><strong><em>κατημέληκεν</em></strong></span> <span class='ocrx_word' id='word_1_67' title='bbox 1814 689 1977 737; x_wconf 85' lang='lat' dir='ltr'>optime</span> 
     </span>
     <span class='ocr_line' id='line_1_8' title="bbox 278 747 1978 802; baseline 0.005 -16"><span class='ocrx_word' id='word_1_68' title='bbox 278 747 554 787; x_wconf 89' lang='lat' dir='ltr'>coniunctivo</span> <span class='ocrx_word' id='word_1_69' title='bbox 596 759 702 788; x_wconf 89' lang='lat' dir='ltr'>usus</span> <span class='ocrx_word' id='word_1_70' title='bbox 739 759 816 798; x_wconf 91' lang='lat' dir='ltr'>pro</span> <span class='ocrx_word' id='word_1_71' title='bbox 847 751 1046 799; x_wconf 90' lang='lat' dir='ltr'>optativo</span> <span class='ocrx_word' id='word_1_72' title='bbox 1077 749 1175 802; x_wconf 76' lang='grc' dir='ltr'><strong><em>ἔχοι,</em></strong></span> <span class='ocrx_word' id='word_1_73' title='bbox 1206 752 1320 791; x_wconf 91' lang='lat' dir='ltr'>unde</span> <span class='ocrx_word' id='word_1_74' title='bbox 1351 754 1608 802; x_wconf 81' lang='lat' dir='ltr'>sequeretur</span> <span class='ocrx_word' id='word_1_75' title='bbox 1639 754 1861 794; x_wconf 84' lang='lat' dir='ltr'>Socratem</span> <span class='ocrx_word' id='word_1_76' title='bbox 1892 766 1978 796; x_wconf 93' lang='lat' dir='ltr'>non</span> 
     </span>
     <span class='ocr_line' id='line_1_9' title="bbox 278 814 1977 870; baseline 0.006 -18"><span class='ocrx_word' id='word_1_77' title='bbox 278 814 469 864; x_wconf 86' lang='lat' dir='ltr'>amplius</span> <span class='ocrx_word' id='word_1_78' title='bbox 507 815 644 855; x_wconf 88' lang='lat' dir='ltr'>fuisse</span> <span class='ocrx_word' id='word_1_79' title='bbox 686 816 731 855; x_wconf 91' lang='lat' dir='ltr'>in</span> <span class='ocrx_word' id='word_1_80' title='bbox 772 817 899 856; x_wconf 89' lang='lat' dir='ltr'>vivis.</span> <span class='ocrx_word' id='word_1_81' title='bbox 942 817 1054 857; x_wconf 90' lang='lat' dir='ltr'>Hinc</span> <span class='ocrx_word' id='word_1_82' title='bbox 1091 819 1294 859; x_wconf 89' lang='lat' dir='ltr'>omnibus</span> <span class='ocrx_word' id='word_1_83' title='bbox 1325 820 1435 860; x_wconf 89' lang='lat' dir='ltr'>bene</span> <span class='ocrx_word' id='word_1_84' title='bbox 1466 822 1693 870; x_wconf 83' lang='lat' dir='ltr'>perpensis</span> <span class='ocrx_word' id='word_1_85' title='bbox 1723 823 1977 863; x_wconf 87' lang='lat' dir='ltr'>crediderim</span> 
     </span>
     <span class='ocr_line' id='line_1_10' title="bbox 278 880 1979 942; baseline 0.005 -21"><span class='ocrx_word' id='word_1_86' title='bbox 278 882 531 932; x_wconf 86' lang='lat' dir='ltr'>Eupolidem</span> <span class='ocrx_word' id='word_1_87' title='bbox 566 883 760 923; x_wconf 84' lang='lat' dir='ltr'>dedisse:</span> <span class='ocrx_word' id='word_1_88' title='bbox 795 880 949 923; x_wconf 78' lang='grc' dir='ltr'><strong><em>ὁπόθεν</em></strong></span> <span class='ocrx_word' id='word_1_89' title='bbox 981 882 1025 923; x_wconf 81' lang='grc' dir='ltr'>δὲ</span> <span class='ocrx_word' id='word_1_90' title='bbox 1056 883 1139 924; x_wconf 81' lang='grc' dir='ltr'><strong><em>καὶ</em></strong></span> <span class='ocrx_word' id='word_1_91' title='bbox 1172 890 1365 938; x_wconf 81' lang='grc' dir='ltr'><em>φαγεῖν</em></span> <span class='ocrx_word' id='word_1_92' title='bbox 1396 885 1502 942; x_wconf 77' lang='grc' dir='ltr'><strong><em>ἔχῃ,</em></strong></span> <span class='ocrx_word' id='word_1_93' title='bbox 1532 888 1674 927; x_wconf 84' lang='grc' dir='ltr'><strong><em>τούτου</em></strong></span> <span class='ocrx_word' id='word_1_94' title='bbox 1701 888 1979 941; x_wconf 82' lang='grc' dir='ltr'><strong><em>κατημέληκεν.</em></strong></span> 
     </span>
     <span class='ocr_line' id='line_1_11' title="bbox 279 948 1055 1001; baseline 0.004 -12"><span class='ocrx_word' id='word_1_95' title='bbox 279 948 342 989; x_wconf 85' lang='lat' dir='ltr'>cf.</span> <span class='ocrx_word' id='word_1_96' title='bbox 374 950 511 990; x_wconf 90' lang='lat' dir='ltr'>etiam</span> <span class='ocrx_word' id='word_1_97' title='bbox 542 951 607 990; x_wconf 88' lang='lat' dir='ltr'>Bl.</span> <span class='ocrx_word' id='word_1_98' title='bbox 640 951 684 990; x_wconf 92' lang='lat' dir='ltr'>in</span> <span class='ocrx_word' id='word_1_99' title='bbox 717 951 847 991; x_wconf 91' lang='lat' dir='ltr'>Add.</span> <span class='ocrx_word' id='word_1_100' title='bbox 881 963 921 1001; x_wconf 91' lang='lat' dir='ltr'>p.</span> <span class='ocrx_word' id='word_1_101' title='bbox 956 953 1055 992; x_wconf 88' lang='grc'><strong>295.</strong></span> 
     </span>
    </p>

    <p class='ocr_par' dir='ltr' id='par_1_3' title="bbox 218 1017 1979 1203">
     <span class='ocr_line' id='line_1_12' title="bbox 218 1017 1979 1075; baseline 0.006 -19"><span class='ocrx_word' id='word_1_102' title='bbox 218 1017 288 1057; x_wconf 88' lang='lat' dir='ltr'>Fr.</span> <span class='ocrx_word' id='word_1_103' title='bbox 320 1018 421 1057; x_wconf 81' lang='lat'><strong>354.</strong></span> <span class='ocrx_word' id='word_1_104' title='bbox 452 1019 568 1058; x_wconf 90' lang='lat' dir='ltr'>Ante</span> <span class='ocrx_word' id='word_1_105' title='bbox 599 1018 663 1058; x_wconf 94' lang='grc' dir='ltr'>Β1.</span> <span class='ocrx_word' id='word_1_106' title='bbox 694 1019 860 1059; x_wconf 89' lang='lat' dir='ltr'>contuli</span> <span class='ocrx_word' id='word_1_107' title='bbox 890 1020 1004 1060; x_wconf 90' lang='lat' dir='ltr'>Eccl.</span> <span class='ocrx_word' id='word_1_108' title='bbox 1038 1021 1124 1060; x_wconf 85' lang='lat'>623</span> <span class='ocrx_word' id='word_1_109' title='bbox 1155 1022 1199 1061; x_wconf 93' lang='lat' dir='ltr'>et</span> <span class='ocrx_word' id='word_1_110' title='bbox 1229 1023 1457 1071; x_wconf 90' lang='lat' dir='ltr'>praeterea</span> <span class='ocrx_word' id='word_1_111' title='bbox 1496 1023 1594 1063; x_wconf 91' lang='lat' dir='ltr'>Pac.</span> <span class='ocrx_word' id='word_1_112' title='bbox 1632 1025 1761 1075; x_wconf 86' lang='lat'><strong>1233,</strong></span> <span class='ocrx_word' id='word_1_113' title='bbox 1794 1035 1979 1066; x_wconf 89' lang='lat' dir='ltr'>monens</span> 
     </span>
     <span class='ocr_line' id='line_1_13' title="bbox 277 1083 1979 1143; baseline 0.005 -19"><span class='ocrx_word' id='word_1_114' title='bbox 277 1085 349 1134; x_wconf 86' lang='lat' dir='ltr'>agi</span> <span class='ocrx_word' id='word_1_115' title='bbox 394 1086 446 1125; x_wconf 91' lang='lat' dir='ltr'>de</span> <span class='ocrx_word' id='word_1_116' title='bbox 492 1086 730 1125; x_wconf 91' lang='lat' dir='ltr'>mulierum</span> <span class='ocrx_word' id='word_1_117' title='bbox 774 1085 968 1126; x_wconf 88' lang='lat' dir='ltr'>libidine.</span> <span class='ocrx_word' id='word_1_118' title='bbox 1017 1087 1200 1127; x_wconf 86' lang='lat' dir='ltr'>Temere</span> <span class='ocrx_word' id='word_1_119' title='bbox 1241 1083 1360 1139; x_wconf 83' lang='grc' dir='ltr'><strong><em>ηὗρες</em></strong></span> <span class='ocrx_word' id='word_1_120' title='bbox 1401 1100 1479 1138; x_wconf 91' lang='lat' dir='ltr'>pro</span> <span class='ocrx_word' id='word_1_121' title='bbox 1520 1089 1667 1142; x_wconf 77' lang='grc' dir='ltr'><strong><em>εὕροις,</em></strong></span> <span class='ocrx_word' id='word_1_122' title='bbox 1708 1093 1821 1140; x_wconf 90' lang='lat' dir='ltr'>quod</span> <span class='ocrx_word' id='word_1_123' title='bbox 1852 1093 1979 1143; x_wconf 85' lang='lat' dir='ltr'>longe</span> 
     </span>
     <span class='ocr_line' id='line_1_14' title="bbox 279 1153 595 1203; baseline 0 -11"><span class='ocrx_word' id='word_1_124' title='bbox 279 1155 494 1203; x_wconf 80' lang='lat' dir='ltr'>praestat,</span> <span class='ocrx_word' id='word_1_125' title='bbox 528 1153 595 1192; x_wconf 91' lang='lat' dir='ltr'>Bl.</span> 
     </span>
    </p>

    <p class='ocr_par' dir='ltr' id='par_1_4' title="bbox 219 1218 1980 1472">
     <span class='ocr_line' id='line_1_15' title="bbox 219 1218 1978 1276; baseline 0.005 -17"><span class='ocrx_word' id='word_1_126' title='bbox 219 1220 288 1260; x_wconf 89' lang='lat' dir='ltr'>Fr.</span> <span class='ocrx_word' id='word_1_127' title='bbox 320 1221 421 1260; x_wconf 85' lang='lat'><strong>356.</strong></span> <span class='ocrx_word' id='word_1_128' title='bbox 463 1220 651 1267; x_wconf 80' lang='grc' dir='ltr'><strong><em>πολλάκις</em></strong></span> <span class='ocrx_word' id='word_1_129' title='bbox 691 1232 767 1270; x_wconf 92' lang='lat' dir='ltr'>pro</span> <span class='ocrx_word' id='word_1_130' title='bbox 813 1221 939 1261; x_wconf 74' lang='grc' dir='ltr'><strong><em>πολλοὶ</em></strong></span> <span class='ocrx_word' id='word_1_131' title='bbox 979 1218 1009 1274; x_wconf 91' lang='grc' dir='ltr'>γ’</span> <span class='ocrx_word' id='word_1_132' title='bbox 1055 1220 1099 1261; x_wconf 83' lang='grc' dir='ltr'>ἐν</span> <span class='ocrx_word' id='word_1_133' title='bbox 1144 1223 1386 1263; x_wconf 91' lang='lat' dir='ltr'>incredibili</span> <span class='ocrx_word' id='word_1_134' title='bbox 1432 1224 1612 1265; x_wconf 89' lang='lat' dir='ltr'>levitate</span> <span class='ocrx_word' id='word_1_135' title='bbox 1658 1226 1858 1276; x_wconf 86' lang='lat' dir='ltr'>Blaydes.</span> <span class='ocrx_word' id='word_1_136' title='bbox 1914 1229 1978 1267; x_wconf 93' lang='lat' dir='ltr'>Ibi</span> 
     </span>
     <span class='ocr_line' id='line_1_16' title="bbox 277 1285 1978 1351; baseline 0.004 -24"><span class='ocrx_word' id='word_1_137' title='bbox 277 1288 428 1328; x_wconf 78' lang='lat' dir='ltr'>Nauck</span> <span class='ocrx_word' id='word_1_138' title='bbox 464 1289 537 1328; x_wconf 77' lang='lat' dir='ltr'>cst.</span> <span class='ocrx_word' id='word_1_139' title='bbox 570 1289 745 1338; x_wconf 84' lang='lat' dir='ltr'>Gregor.</span> <span class='ocrx_word' id='word_1_140' title='bbox 779 1289 958 1339; x_wconf 65' lang='lat' dir='ltr'>Naz.‘p.</span> <span class='ocrx_word' id='word_1_141' title='bbox 993 1291 1077 1330; x_wconf 84' lang='lat'>243</span> <span class='ocrx_word' id='word_1_142' title='bbox 1111 1290 1142 1331; x_wconf 88' lang='lat' dir='ltr'>C</span> <span class='ocrx_word' id='word_1_143' title='bbox 1173 1285 1340 1342; x_wconf 79' lang='grc' dir='ltr'><strong><em>ἧπολλὰ</em></strong></span> <span class='ocrx_word' id='word_1_144' title='bbox 1364 1291 1491 1331; x_wconf 76' lang='grc' dir='ltr'><strong><em>πολλὰ</em></strong></span> <span class='ocrx_word' id='word_1_145' title='bbox 1515 1293 1664 1345; x_wconf 84' lang='grc' dir='ltr'><strong><em>γίνεται</em></strong></span> <span class='ocrx_word' id='word_1_146' title='bbox 1688 1302 1824 1349; x_wconf 82' lang='grc' dir='ltr'><strong><em>μακρῷ</em></strong></span> <span class='ocrx_word' id='word_1_147' title='bbox 1850 1295 1978 1351; x_wconf 82' lang='grc' dir='ltr'><strong><em>χρόνῳ</em></strong></span> 
     </span>
     <span class='ocr_line' id='line_1_17' title="bbox 276 1356 1980 1408; baseline 0.005 -14"><span class='ocrx_word' id='word_1_148' title='bbox 276 1356 434 1408; x_wconf 79' lang='grc' dir='ltr'><strong><em>βροτοῖς</em></strong></span> <span class='ocrx_word' id='word_1_149' title='bbox 464 1357 508 1395; x_wconf 91' lang='lat' dir='ltr'>et</span> <span class='ocrx_word' id='word_1_150' title='bbox 539 1358 691 1396; x_wconf 88' lang='lat' dir='ltr'>monet</span> <span class='ocrx_word' id='word_1_151' title='bbox 721 1357 986 1397; x_wconf 85' lang='lat' dir='ltr'>Meinekium</span> <span class='ocrx_word' id='word_1_152' title='bbox 1017 1358 1099 1398; x_wconf 89' lang='lat' dir='ltr'>hoc</span> <span class='ocrx_word' id='word_1_153' title='bbox 1134 1359 1186 1398; x_wconf 86' lang='lat' dir='ltr'>fr.</span> <span class='ocrx_word' id='word_1_154' title='bbox 1219 1360 1416 1399; x_wconf 80' lang='lat' dir='ltr'>tentasse</span> <span class='ocrx_word' id='word_1_155' title='bbox 1448 1361 1501 1399; x_wconf 87' lang='lat' dir='ltr'>ad</span> <span class='ocrx_word' id='word_1_156' title='bbox 1533 1361 1650 1401; x_wconf 87' lang='lat' dir='ltr'>Stob.</span> <span class='ocrx_word' id='word_1_157' title='bbox 1682 1362 1774 1402; x_wconf 89' lang='lat' dir='ltr'>flor.</span> <span class='ocrx_word' id='word_1_158' title='bbox 1806 1363 1890 1403; x_wconf 90' lang='lat' dir='ltr'>vol.</span> <span class='ocrx_word' id='word_1_159' title='bbox 1921 1364 1980 1403; x_wconf 83' lang='lat' dir='ltr'>IV</span> 
     </span>
     <span class='ocr_line' id='line_1_18' title="bbox 281 1423 467 1472; baseline 0 -9"><span class='ocrx_word' id='word_1_160' title='bbox 281 1433 320 1472; x_wconf 87' lang='lat' dir='ltr'>p.</span> <span class='ocrx_word' id='word_1_161' title='bbox 352 1423 467 1463; x_wconf 78' lang='lat' dir='ltr'><strong>XIV.</strong></span> 
     </span>
    </p>

    <p class='ocr_par' dir='ltr' id='par_1_5' title="bbox 220 1490 1656 1546">
     <span class='ocr_line' id='line_1_19' title="bbox 220 1490 1656 1546; baseline 0.003 -16"><span class='ocrx_word' id='word_1_162' title='bbox 220 1490 290 1531; x_wconf 84' lang='lat' dir='ltr'>Fr.</span> <span class='ocrx_word' id='word_1_163' title='bbox 325 1491 427 1542; x_wconf 84' lang='lat'><strong>357,</strong></span> <span class='ocrx_word' id='word_1_164' title='bbox 462 1492 503 1531; x_wconf 85' lang='lat'>5.</span> <span class='ocrx_word' id='word_1_165' title='bbox 994 1492 1103 1532; x_wconf 78' lang='grc' dir='ltr'><strong><em>πάνυ</em></strong></span> <span class='ocrx_word' id='word_1_166' title='bbox 1136 1492 1288 1532; x_wconf 79' lang='grc' dir='ltr'><strong><em>δοκεῖ</em></strong></span> <span class='ocrx_word' id='word_1_167' title='bbox 1311 1499 1442 1541; x_wconf 80' lang='grc' dir='ltr'><strong><em>κακῶς</em></strong></span> <span class='ocrx_word' id='word_1_168' title='bbox 1472 1498 1656 1546; x_wconf 83' lang='grc' dir='ltr'><strong><em>φρονεῖν,</em></strong></span> 
     </span>
    </p>

    <p class='ocr_par' dir='ltr' id='par_1_6' title="bbox 275 1559 1980 2019">
     <span class='ocr_line' id='line_1_20' title="bbox 455 1559 1749 1620; baseline 0.004 -22"><span class='ocrx_word' id='word_1_169' title='bbox 455 1559 639 1610; x_wconf 86' lang='grc' dir='ltr'><strong><em>μαίνεταί</em></strong></span> <span class='ocrx_word' id='word_1_170' title='bbox 667 1575 707 1599; x_wconf 85' lang='grc' dir='ltr'>τε</span> <span class='ocrx_word' id='word_1_171' title='bbox 737 1559 805 1599; x_wconf 84' lang='grc' dir='ltr'><strong><em>καὶ</em></strong></span> <span class='ocrx_word' id='word_1_172' title='bbox 835 1564 1099 1613; x_wconf 83' lang='grc' dir='ltr'><strong><em>παραρρεῖ</em></strong></span> <span class='ocrx_word' id='word_1_173' title='bbox 1118 1567 1195 1600; x_wconf 83' lang='grc' dir='ltr'>τῶν</span> <span class='ocrx_word' id='word_1_174' title='bbox 1226 1568 1387 1614; x_wconf 84' lang='grc' dir='ltr'><strong><em>φρενῶν</em></strong></span> <span class='ocrx_word' id='word_1_175' title='bbox 1418 1569 1479 1617; x_wconf 80' lang='grc' dir='ltr'>τῷ</span> <span class='ocrx_word' id='word_1_176' title='bbox 1511 1570 1576 1618; x_wconf 83' lang='grc' dir='ltr'>σῷ</span> <span class='ocrx_word' id='word_1_177' title='bbox 1608 1563 1749 1620; x_wconf 76' lang='grc' dir='ltr'><strong><em>λόγῳ.</em></strong></span> 
     </span>
     <span class='ocr_line' id='line_1_21' title="bbox 277 1626 1980 1684; baseline 0.005 -18"><span class='ocrx_word' id='word_1_178' title='bbox 277 1626 379 1667; x_wconf 90' lang='lat' dir='ltr'>Iure</span> <span class='ocrx_word' id='word_1_179' title='bbox 420 1627 615 1667; x_wconf 89' lang='lat' dir='ltr'>offensus</span> <span class='ocrx_word' id='word_1_180' title='bbox 655 1629 871 1678; x_wconf 86' lang='lat' dir='ltr'>singulari</span> <span class='ocrx_word' id='word_1_181' title='bbox 912 1635 964 1684; x_wconf 81' lang='grc' dir='ltr'>τῷ</span> <span class='ocrx_word' id='word_1_182' title='bbox 1006 1635 1060 1683; x_wconf 80' lang='grc' dir='ltr'>σῷ</span> <span class='ocrx_word' id='word_1_183' title='bbox 1101 1631 1202 1679; x_wconf 92' lang='lat' dir='ltr'>post</span> <span class='ocrx_word' id='word_1_184' title='bbox 1241 1628 1366 1681; x_wconf 79' lang='grc' dir='ltr'><strong><em>λέγετε</em></strong></span> <span class='ocrx_word' id='word_1_185' title='bbox 1397 1631 1442 1670; x_wconf 92' lang='lat' dir='ltr'>in</span> <span class='ocrx_word' id='word_1_186' title='bbox 1473 1633 1743 1680; x_wconf 86' lang='lat' dir='ltr'>praegressis</span> <span class='ocrx_word' id='word_1_187' title='bbox 1774 1635 1819 1673; x_wconf 92' lang='lat' dir='ltr'>et</span> <span class='ocrx_word' id='word_1_188' title='bbox 1848 1635 1980 1675; x_wconf 88' lang='lat' dir='ltr'>verbo</span> 
     </span>
     <span class='ocr_line' id='line_1_22' title="bbox 275 1694 1975 1751; baseline 0.005 -19"><span class='ocrx_word' id='word_1_189' title='bbox 275 1698 488 1746; x_wconf 79' lang='grc' dir='ltr'><strong><em>παραρρεῖ,</em></strong></span> <span class='ocrx_word' id='word_1_190' title='bbox 527 1696 651 1736; x_wconf 90' lang='lat' dir='ltr'>Kock</span> <span class='ocrx_word' id='word_1_191' title='bbox 692 1698 818 1736; x_wconf 89' lang='lat' dir='ltr'>acute</span> <span class='ocrx_word' id='word_1_192' title='bbox 850 1707 957 1737; x_wconf 87' lang='lat' dir='ltr'>sane</span> <span class='ocrx_word' id='word_1_193' title='bbox 998 1698 1184 1738; x_wconf 89' lang='lat' dir='ltr'>coniecit</span> <span class='ocrx_word' id='word_1_194' title='bbox 1203 1694 1404 1748; x_wconf 80' lang='grc' dir='ltr'><strong><em>’παρεκρεῐ</em></strong></span> <span class='ocrx_word' id='word_1_195' title='bbox 1430 1700 1473 1738; x_wconf 88' lang='lat' dir='ltr'>et</span> <span class='ocrx_word' id='word_1_196' title='bbox 1504 1696 1525 1737; x_wconf 82' lang='grc' dir='ltr'><em>ὃ</em></span> <span class='ocrx_word' id='word_1_197' title='bbox 1565 1705 1642 1746; x_wconf 83' lang='grc' dir='ltr'><strong><em>σῶς</em></strong></span> <span class='ocrx_word' id='word_1_198' title='bbox 1668 1699 1801 1751; x_wconf 91' lang='grc' dir='ltr'><strong><em>λόγος,</em></strong></span> <span class='ocrx_word' id='word_1_199' title='bbox 1831 1712 1975 1750; x_wconf 92' lang='lat' dir='ltr'>quem-</span> 
     </span>
     <span class='ocr_line' id='line_1_23' title="bbox 278 1760 1978 1817; baseline 0.005 -15"><span class='ocrx_word' id='word_1_200' title='bbox 278 1763 516 1803; x_wconf 90' lang='lat' dir='ltr'>admodum</span> <span class='ocrx_word' id='word_1_201' title='bbox 562 1765 712 1803; x_wconf 89' lang='lat' dir='ltr'>tamen</span> <span class='ocrx_word' id='word_1_202' title='bbox 753 1760 900 1814; x_wconf 67' lang='lat' dir='ltr'>fsana</span> <span class='ocrx_word' id='word_1_203' title='bbox 950 1765 1096 1805; x_wconf 88' lang='lat' dir='ltr'>ratio</span> <span class='ocrx_word' id='word_1_204' title='bbox 1137 1776 1213 1814; x_wconf 90' lang='lat' dir='ltr'>pro</span> <span class='ocrx_word' id='word_1_205' title='bbox 1255 1763 1276 1804; x_wconf 86' lang='grc' dir='ltr'>ὁ</span> <span class='ocrx_word' id='word_1_206' title='bbox 1317 1762 1442 1816; x_wconf 85' lang='grc' dir='ltr'><strong><em>ὀρθὸς</em></strong></span> <span class='ocrx_word' id='word_1_207' title='bbox 1496 1765 1611 1817; x_wconf 81' lang='grc' dir='ltr'><strong><em>λόγος</em></strong></span> <span class='ocrx_word' id='word_1_208' title='bbox 1650 1777 1757 1806; x_wconf 91' lang='lat' dir='ltr'>num</span> <span class='ocrx_word' id='word_1_209' title='bbox 1817 1768 1978 1810; x_wconf 86' lang='lat' dir='ltr'>Graece</span> 
     </span>
     <span class='ocr_line' id='line_1_24' title="bbox 276 1831 1977 1876; baseline 0.002 -5"><span class='ocrx_word' id='word_1_210' title='bbox 276 1833 394 1872; x_wconf 87' lang='lat' dir='ltr'>recte</span> <span class='ocrx_word' id='word_1_211' title='bbox 439 1831 610 1872; x_wconf 90' lang='lat' dir='ltr'>dicatur</span> <span class='ocrx_word' id='word_1_212' title='bbox 650 1833 792 1872; x_wconf 86' lang='lat' dir='ltr'>adhuc</span> <span class='ocrx_word' id='word_1_213' title='bbox 833 1832 996 1873; x_wconf 89' lang='lat' dir='ltr'>dubito.</span> <span class='ocrx_word' id='word_1_214' title='bbox 1044 1833 1126 1872; x_wconf 90' lang='lat' dir='ltr'>Sed</span> <span class='ocrx_word' id='word_1_215' title='bbox 1165 1834 1251 1872; x_wconf 90' lang='lat' dir='ltr'>nisi</span> <span class='ocrx_word' id='word_1_216' title='bbox 1292 1835 1487 1873; x_wconf 86' lang='lat' dir='ltr'>vestro</span> <span class='ocrx_word' id='word_1_217' title='bbox 1528 1834 1741 1874; x_wconf 90' lang='lat' dir='ltr'>iudicio</span> <span class='ocrx_word' id='word_1_218' title='bbox 1778 1835 1977 1876; x_wconf 89' lang='lat' dir='ltr'>simileve</span> 
     </span>
     <span class='ocr_line' id='line_1_25' title="bbox 277 1899 1978 1950; baseline 0.002 -11"><span class='ocrx_word' id='word_1_219' title='bbox 277 1900 379 1948; x_wconf 88' lang='lat' dir='ltr'>quid</span> <span class='ocrx_word' id='word_1_220' title='bbox 404 1900 521 1939; x_wconf 88' lang='lat' dir='ltr'>hunc</span> <span class='ocrx_word' id='word_1_221' title='bbox 546 1910 726 1940; x_wconf 89' lang='lat' dir='ltr'>versum</span> <span class='ocrx_word' id='word_1_222' title='bbox 749 1899 911 1950; x_wconf 88' lang='lat' dir='ltr'>finivit,</span> <span class='ocrx_word' id='word_1_223' title='bbox 939 1901 1230 1940; x_wconf 86' lang='lat' dir='ltr'>manifestum</span> <span class='ocrx_word' id='word_1_224' title='bbox 1261 1911 1358 1940; x_wconf 90' lang='lat' dir='ltr'>esse</span> <span class='ocrx_word' id='word_1_225' title='bbox 1384 1900 1568 1941; x_wconf 85' lang='lat' dir='ltr'>arbitror</span> <span class='ocrx_word' id='word_1_226' title='bbox 1593 1904 1692 1950; x_wconf 89' lang='lat' dir='ltr'>post</span> <span class='ocrx_word' id='word_1_227' title='bbox 1718 1901 1830 1940; x_wconf 83' lang='grc' dir='ltr'><strong><em>δοκεῖ</em></strong></span> <span class='ocrx_word' id='word_1_228' title='bbox 1848 1909 1978 1950; x_wconf 75' lang='grc' dir='ltr'><strong><em>κακῶς</em></strong></span> 
     </span>
     <span class='ocr_line' id='line_1_26' title="bbox 276 1966 1975 2019; baseline 0.003 -14"><span class='ocrx_word' id='word_1_229' title='bbox 276 1969 442 2018; x_wconf 87' lang='grc' dir='ltr'><strong><em>φρονεῖν</em></strong></span> <span class='ocrx_word' id='word_1_230' title='bbox 483 1967 561 2007; x_wconf 80' lang='lat' dir='ltr'>vix</span> <span class='ocrx_word' id='word_1_231' title='bbox 604 1970 723 2008; x_wconf 85' lang='lat' dir='ltr'>recte</span> <span class='ocrx_word' id='word_1_232' title='bbox 767 1969 891 2017; x_wconf 91' lang='lat' dir='ltr'>sequi</span> <span class='ocrx_word' id='word_1_233' title='bbox 937 1969 1231 2018; x_wconf 88' lang='lat' dir='ltr'>categoricum</span> <span class='ocrx_word' id='word_1_234' title='bbox 1264 1968 1443 2017; x_wconf 87' lang='grc' dir='ltr'><strong><em>μαίνεται</em></strong></span> <span class='ocrx_word' id='word_1_235' title='bbox 1473 1966 1571 2017; x_wconf 84' lang='grc' dir='ltr'><strong><em>κτὲ.,</em></strong></span> <span class='ocrx_word' id='word_1_236' title='bbox 1605 1969 1752 2017; x_wconf 89' lang='lat' dir='ltr'>itaque</span> <span class='ocrx_word' id='word_1_237' title='bbox 1786 1971 1854 2009; x_wconf 92' lang='lat' dir='ltr'>cui</span> <span class='ocrx_word' id='word_1_238' title='bbox 1885 1981 1975 2019; x_wconf 92' lang='lat' dir='ltr'>per—</span> 
     </span>
    </p>

    <p class='ocr_par' dir='ltr' id='par_1_7' title="bbox 220 2025 1976 2288">
     <span class='ocr_line' id='line_1_27' title="bbox 220 2025 1973 2087; baseline 0.002 -14"><span class='ocrx_word' id='word_1_239' title='bbox 220 2071 223 2073; x_wconf 80' lang='lat'>.</span> <span class='ocrx_word' id='word_1_240' title='bbox 276 2025 635 2085; x_wconf 49' lang='lat' dir='ltr'>suaserit&#39;Kock,</span> <span class='ocrx_word' id='word_1_241' title='bbox 668 2036 770 2075; x_wconf 90' lang='lat' dir='ltr'>huic</span> <span class='ocrx_word' id='word_1_242' title='bbox 800 2036 933 2075; x_wconf 89' lang='lat' dir='ltr'>simul</span> <span class='ocrx_word' id='word_1_243' title='bbox 961 2036 1266 2084; x_wconf 87' lang='lat' dir='ltr'>corrigendum</span> <span class='ocrx_word' id='word_1_244' title='bbox 1293 2046 1391 2075; x_wconf 89' lang='lat' dir='ltr'>esse</span> <span class='ocrx_word' id='word_1_245' title='bbox 1423 2035 1590 2074; x_wconf 83' lang='grc' dir='ltr'><strong><em>δοκῶν</em></strong></span> <span class='ocrx_word' id='word_1_246' title='bbox 1621 2047 1696 2085; x_wconf 89' lang='lat' dir='ltr'>pro</span> <span class='ocrx_word' id='word_1_247' title='bbox 1723 2036 1841 2075; x_wconf 84' lang='grc' dir='ltr'><strong><em>δοκεῖ.</em></strong></span> <span class='ocrx_word' id='word_1_248' title='bbox 1867 2038 1973 2087; x_wconf 86' lang='lat' dir='ltr'>Ego,</span> 
     </span>
     <span class='ocr_line' id='line_1_28' title="bbox 273 2102 1975 2154; baseline 0.002 -13"><span class='ocrx_word' id='word_1_249' title='bbox 273 2102 478 2151; x_wconf 89' lang='lat' dir='ltr'>quamvis</span> <span class='ocrx_word' id='word_1_250' title='bbox 518 2103 753 2153; x_wconf 83' lang='lat' dir='ltr'>plaudente</span> <span class='ocrx_word' id='word_1_251' title='bbox 793 2104 1043 2152; x_wconf 85' lang='lat' dir='ltr'>Blaydesio,</span> <span class='ocrx_word' id='word_1_252' title='bbox 1097 2103 1330 2143; x_wconf 87' lang='lat' dir='ltr'>subdubito</span> <span class='ocrx_word' id='word_1_253' title='bbox 1371 2113 1477 2142; x_wconf 91' lang='lat' dir='ltr'>num</span> <span class='ocrx_word' id='word_1_254' title='bbox 1505 2103 1556 2142; x_wconf 93' lang='lat' dir='ltr'>K.</span> <span class='ocrx_word' id='word_1_255' title='bbox 1595 2103 1739 2143; x_wconf 89' lang='lat' dir='ltr'>locum</span> <span class='ocrx_word' id='word_1_256' title='bbox 1774 2115 1975 2154; x_wconf 88' lang='lat' dir='ltr'>persana-</span> 
     </span>
     <span class='ocr_line' id='line_1_29' title="bbox 276 2169 1974 2225; baseline 0.002 -17"><span class='ocrx_word' id='word_1_257' title='bbox 276 2169 406 2219; x_wconf 78' lang='lat' dir='ltr'>verIt,</span> <span class='ocrx_word' id='word_1_258' title='bbox 455 2171 499 2210; x_wconf 91' lang='lat' dir='ltr'>et</span> <span class='ocrx_word' id='word_1_259' title='bbox 545 2181 698 2211; x_wconf 88' lang='lat' dir='ltr'>vereor</span> <span class='ocrx_word' id='word_1_260' title='bbox 737 2181 791 2210; x_wconf 88' lang='lat' dir='ltr'>ne</span> <span class='ocrx_word' id='word_1_261' title='bbox 830 2171 911 2210; x_wconf 88' lang='lat' dir='ltr'>sub</span> <span class='ocrx_word' id='word_1_262' title='bbox 951 2171 1094 2210; x_wconf 87' lang='lat' dir='ltr'>verbis</span> <span class='ocrx_word' id='word_1_263' title='bbox 1135 2177 1186 2223; x_wconf 83' lang='grc' dir='ltr'>τῷ</span> <span class='ocrx_word' id='word_1_264' title='bbox 1229 2177 1283 2224; x_wconf 84' lang='grc' dir='ltr'>σῷ</span> <span class='ocrx_word' id='word_1_265' title='bbox 1314 2169 1416 2225; x_wconf 83' lang='grc' dir='ltr'><strong><em>λόγῳ</em></strong></span> <span class='ocrx_word' id='word_1_266' title='bbox 1449 2170 1567 2209; x_wconf 87' lang='lat' dir='ltr'>aliud</span> <span class='ocrx_word' id='word_1_267' title='bbox 1599 2171 1700 2218; x_wconf 91' lang='lat' dir='ltr'>quid</span> <span class='ocrx_word' id='word_1_268' title='bbox 1734 2171 1974 2212; x_wconf 86' lang='lat' dir='ltr'>delitescat.</span> 
     </span>
     <span class='ocr_line' id='line_1_30' title="bbox 277 2236 1976 2288; baseline 0.001 -10"><span class='ocrx_word' id='word_1_269' title='bbox 277 2236 438 2278; x_wconf 83' lang='lat' dir='ltr'>Contra</span> <span class='ocrx_word' id='word_1_270' title='bbox 481 2238 713 2288; x_wconf 87' lang='lat' dir='ltr'>Blaydesio</span> <span class='ocrx_word' id='word_1_271' title='bbox 760 2239 903 2278; x_wconf 88' lang='lat' dir='ltr'>tuenti</span> <span class='ocrx_word' id='word_1_272' title='bbox 945 2237 1026 2288; x_wconf 79' lang='lat' dir='ltr'>(ve.</span> <span class='ocrx_word' id='word_1_273' title='bbox 1061 2239 1101 2283; x_wconf 89' lang='lat'>3)</span> <span class='ocrx_word' id='word_1_274' title='bbox 1144 2238 1410 2277; x_wconf 88' lang='lat' dir='ltr'>tralaticium</span> <span class='ocrx_word' id='word_1_275' title='bbox 1452 2247 1643 2276; x_wconf 90' lang='lat' dir='ltr'>errorem</span> <span class='ocrx_word' id='word_1_276' title='bbox 1675 2237 1870 2287; x_wconf 77' lang='grc' dir='ltr'><strong><em>μαθόντες</em></strong></span> <span class='ocrx_word' id='word_1_277' title='bbox 1900 2250 1976 2288; x_wconf 91' lang='lat' dir='ltr'>pro</span> 
     </span>
    </p>

    <p class='ocr_par' dir='ltr' id='par_1_8' title="bbox 199 2302 1977 2625">
     <span class='ocr_line' id='line_1_31' title="bbox 199 2302 1977 2356; baseline 0.001 -12"><span class='ocrx_word' id='word_1_278' title='bbox 199 2350 204 2354; x_wconf 85' lang='lat'><em>.</em></span> <span class='ocrx_word' id='word_1_279' title='bbox 275 2305 475 2354; x_wconf 79' lang='grc' dir='ltr'><strong><em>παθόντες</em></strong></span> <span class='ocrx_word' id='word_1_280' title='bbox 517 2317 604 2346; x_wconf 91' lang='lat' dir='ltr'>non</span> <span class='ocrx_word' id='word_1_281' title='bbox 643 2306 875 2356; x_wconf 89' lang='lat' dir='ltr'>assentior,</span> <span class='ocrx_word' id='word_1_282' title='bbox 914 2316 995 2345; x_wconf 92' lang='lat' dir='ltr'>nec</span> <span class='ocrx_word' id='word_1_283' title='bbox 1025 2306 1169 2354; x_wconf 85' lang='lat' dir='ltr'>magis</span> <span class='ocrx_word' id='word_1_284' title='bbox 1201 2305 1431 2344; x_wconf 88' lang='lat' dir='ltr'>conicienti</span> <span class='ocrx_word' id='word_1_285' title='bbox 1463 2304 1513 2343; x_wconf 88' lang='lat' dir='ltr'>fr.</span> <span class='ocrx_word' id='word_1_286' title='bbox 1548 2305 1633 2344; x_wconf 87' lang='lat'>360</span> <span class='ocrx_word' id='word_1_287' title='bbox 1665 2305 1809 2355; x_wconf 85' lang='grc' dir='ltr'><strong><em>πρίνου</em></strong></span> <span class='ocrx_word' id='word_1_288' title='bbox 1835 2302 1871 2352; x_wconf 85' lang='grc' dir='ltr'>’ξ</span> <span class='ocrx_word' id='word_1_289' title='bbox 1902 2317 1977 2355; x_wconf 89' lang='lat' dir='ltr'>pro</span> 
     </span>
     <span class='ocr_line' id='line_1_32' title="bbox 275 2371 1977 2425; baseline 0.001 -14"><span class='ocrx_word' id='word_1_290' title='bbox 275 2373 439 2425; x_wconf 80' lang='grc' dir='ltr'><strong><em>πρίνης,</em></strong></span> <span class='ocrx_word' id='word_1_291' title='bbox 479 2375 607 2424; x_wconf 80' lang='lat' dir='ltr'>quod.</span> <span class='ocrx_word' id='word_1_292' title='bbox 632 2374 923 2424; x_wconf 85' lang='lat' dir='ltr'>Theophrasti</span> <span class='ocrx_word' id='word_1_293' title='bbox 963 2373 1057 2413; x_wconf 92' lang='lat' dir='ltr'>loco</span> <span class='ocrx_word' id='word_1_294' title='bbox 1099 2374 1263 2422; x_wconf 89' lang='lat' dir='ltr'>optime</span> <span class='ocrx_word' id='word_1_295' title='bbox 1306 2371 1498 2411; x_wconf 88' lang='lat' dir='ltr'>defendit</span> <span class='ocrx_word' id='word_1_296' title='bbox 1535 2371 1675 2420; x_wconf 89' lang='lat' dir='ltr'>Kock,</span> <span class='ocrx_word' id='word_1_297' title='bbox 1709 2382 1788 2411; x_wconf 91' lang='lat' dir='ltr'>nec</span> <span class='ocrx_word' id='word_1_298' title='bbox 1818 2372 1977 2413; x_wconf 90' lang='lat' dir='ltr'>ibidem</span> 
     </span>
     <span class='ocr_line' id='line_1_33' title="bbox 276 2437 1975 2493; baseline 0.001 -15"><span class='ocrx_word' id='word_1_299' title='bbox 276 2437 428 2491; x_wconf 78' lang='grc' dir='ltr'><strong><em>ἁμάξας</em></strong></span> <span class='ocrx_word' id='word_1_300' title='bbox 468 2452 545 2491; x_wconf 92' lang='lat' dir='ltr'>pro</span> <span class='ocrx_word' id='word_1_301' title='bbox 585 2439 787 2493; x_wconf 85' lang='grc' dir='ltr'><strong><em>γόμφους,</em></strong></span> <span class='ocrx_word' id='word_1_302' title='bbox 825 2441 982 2490; x_wconf 88' lang='lat' dir='ltr'>quibus</span> <span class='ocrx_word' id='word_1_303' title='bbox 1013 2450 1121 2489; x_wconf 89' lang='lat' dir='ltr'>opus</span> <span class='ocrx_word' id='word_1_304' title='bbox 1153 2443 1221 2479; x_wconf 91' lang='lat' dir='ltr'>est</span> <span class='ocrx_word' id='word_1_305' title='bbox 1252 2439 1420 2488; x_wconf 88' lang='lat' dir='ltr'>lignum</span> <span class='ocrx_word' id='word_1_306' title='bbox 1454 2439 1758 2487; x_wconf 87' lang='lat' dir='ltr'>durissimum,</span> <span class='ocrx_word' id='word_1_307' title='bbox 1792 2450 1845 2478; x_wconf 88' lang='lat' dir='ltr'>ne</span> <span class='ocrx_word' id='word_1_308' title='bbox 1876 2441 1975 2488; x_wconf 87' lang='lat' dir='ltr'>quid</span> 
     </span>
     <span class='ocr_line' id='line_1_34' title="bbox 277 2504 1975 2551; baseline -0.001 -4"><span class='ocrx_word' id='word_1_309' title='bbox 277 2508 420 2547; x_wconf 89' lang='lat' dir='ltr'>dicam</span> <span class='ocrx_word' id='word_1_310' title='bbox 459 2508 511 2549; x_wconf 91' lang='lat' dir='ltr'>de</span> <span class='ocrx_word' id='word_1_311' title='bbox 552 2509 813 2548; x_wconf 84' lang='lat' dir='ltr'>mutationis</span> <span class='ocrx_word' id='word_1_312' title='bbox 853 2508 1075 2547; x_wconf 85' lang='lat' dir='ltr'>violentia.</span> <span class='ocrx_word' id='word_1_313' title='bbox 1116 2529 1165 2534; x_wconf 92' lang='lat'>—</span> <span class='ocrx_word' id='word_1_314' title='bbox 1199 2506 1273 2546; x_wconf 90' lang='lat' dir='ltr'>Vs.</span> <span class='ocrx_word' id='word_1_315' title='bbox 1309 2507 1347 2545; x_wconf 87' lang='lat'>7.</span> <span class='ocrx_word' id='word_1_316' title='bbox 1387 2505 1491 2544; x_wconf 87' lang='lat' dir='ltr'>Post</span> <span class='ocrx_word' id='word_1_317' title='bbox 1520 2504 1676 2551; x_wconf 82' lang='grc' dir='ltr'><strong><em>πάντως</em></strong></span> <span class='ocrx_word' id='word_1_318' title='bbox 1707 2507 1822 2544; x_wconf 85' lang='lat' dir='ltr'>recte</span> <span class='ocrx_word' id='word_1_319' title='bbox 1854 2506 1975 2546; x_wconf 91' lang='lat' dir='ltr'>colon</span> 
     </span>
     <span class='ocr_line' id='line_1_35' title="bbox 276 2575 995 2625; baseline -0.001 -10"><span class='ocrx_word' id='word_1_320' title='bbox 276 2585 353 2625; x_wconf 89' lang='lat' dir='ltr'>pro</span> <span class='ocrx_word' id='word_1_321' title='bbox 383 2577 544 2625; x_wconf 90' lang='lat' dir='ltr'>puncto</span> <span class='ocrx_word' id='word_1_322' title='bbox 576 2576 678 2624; x_wconf 90' lang='lat' dir='ltr'>poni</span> <span class='ocrx_word' id='word_1_323' title='bbox 710 2575 832 2615; x_wconf 90' lang='lat' dir='ltr'>iubet</span> <span class='ocrx_word' id='word_1_324' title='bbox 864 2575 995 2614; x_wconf 87' lang='lat' dir='ltr'>idem.</span> 
     </span>
    </p>

    <p class='ocr_par' dir='ltr' id='par_1_9' title="bbox 217 2642 735 2683">
     <span class='ocr_line' id='line_1_36' title="bbox 217 2642 735 2683; baseline -0.002 -1"><span class='ocrx_word' id='word_1_325' title='bbox 217 2643 286 2682; x_wconf 88' lang='lat' dir='ltr'>Fr.</span> <span class='ocrx_word' id='word_1_326' title='bbox 320 2644 420 2683; x_wconf 83' lang='lat'><strong>364.</strong></span> <span class='ocrx_word' id='word_1_327' title='bbox 453 2642 619 2682; x_wconf 87' lang='lat' dir='ltr'>Versus</span> <span class='ocrx_word' id='word_1_328' title='bbox 650 2643 735 2682; x_wconf 88' lang='lat' dir='ltr'>fuit</span> 
     </span>
    </p>

    <p class='ocr_par' dir='ltr' id='par_1_10' title="bbox 274 2704 1974 3293">
     <span class='ocr_line' id='line_1_37' title="bbox 601 2704 1572 2761; baseline -0.003 -13"><span class='ocrx_word' id='word_1_329' title='bbox 601 2706 751 2761; x_wconf 73' lang='grc' dir='ltr'><strong><em>ἄγαμαι</em></strong></span> <span class='ocrx_word' id='word_1_330' title='bbox 782 2706 980 2759; x_wconf 83' lang='grc' dir='ltr'><strong><em>κεραμέως</em></strong></span> <span class='ocrx_word' id='word_1_331' title='bbox 1012 2707 1190 2753; x_wconf 82' lang='grc' dir='ltr'><strong><em>αἴθωνος</em></strong></span> <span class='ocrx_word' id='word_1_332' title='bbox 1225 2704 1572 2756; x_wconf 77' lang='grc' dir='ltr'><strong><em>ἐστεφανωμένου.</em></strong></span> 
     </span>
     <span class='ocr_line' id='line_1_38' title="bbox 274 2772 1973 2827; baseline -0.001 -10"><span class='ocrx_word' id='word_1_333' title='bbox 274 2777 368 2817; x_wconf 89' lang='lat' dir='ltr'>scil.</span> <span class='ocrx_word' id='word_1_334' title='bbox 396 2776 645 2827; x_wconf 88' lang='lat' dir='ltr'>Hyperboli.</span> <span class='ocrx_word' id='word_1_335' title='bbox 684 2778 749 2816; x_wconf 91' lang='lat' dir='ltr'>An</span> <span class='ocrx_word' id='word_1_336' title='bbox 778 2787 834 2816; x_wconf 81' lang='lat' dir='ltr'>ex</span> <span class='ocrx_word' id='word_1_337' title='bbox 856 2775 1197 2815; x_wconf 87' lang='lat' dir='ltr'>Maricante?</span> <span class='ocrx_word' id='word_1_338' title='bbox 1229 2774 1438 2813; x_wconf 88' lang='lat' dir='ltr'>Restituit</span> <span class='ocrx_word' id='word_1_339' title='bbox 1464 2772 1583 2812; x_wconf 90' lang='lat' dir='ltr'>Cohn</span> <span class='ocrx_word' id='word_1_340' title='bbox 1610 2774 1717 2813; x_wconf 86' lang='lat' dir='ltr'>Mus.</span> <span class='ocrx_word' id='word_1_341' title='bbox 1746 2775 1884 2815; x_wconf 90' lang='lat' dir='ltr'>Rhen.</span> <span class='ocrx_word' id='word_1_342' title='bbox 1903 2777 1973 2825; x_wconf 88' lang='lat'>43,</span> 
     </span>
     <span class='ocr_line' id='line_1_39' title="bbox 276 2836 1974 2894; baseline -0.002 -9"><span class='ocrx_word' id='word_1_343' title='bbox 276 2855 317 2894; x_wconf 87' lang='lat' dir='ltr'>p.</span> <span class='ocrx_word' id='word_1_344' title='bbox 335 2846 421 2885; x_wconf 83' lang='lat'>415</span> <span class='ocrx_word' id='word_1_345' title='bbox 447 2855 471 2884; x_wconf 86' lang='lat' dir='ltr'>e</span> <span class='ocrx_word' id='word_1_346' title='bbox 496 2845 744 2884; x_wconf 78' lang='lat' dir='ltr'>Philetaero</span> <span class='ocrx_word' id='word_1_347' title='bbox 770 2844 867 2883; x_wconf 79' lang='lat' dir='ltr'>Vat.</span> <span class='ocrx_word' id='word_1_348' title='bbox 887 2843 958 2882; x_wconf 86' lang='lat' dir='ltr'>ubi</span> <span class='ocrx_word' id='word_1_349' title='bbox 978 2843 1138 2891; x_wconf 85' lang='lat' dir='ltr'>legitur</span> <span class='ocrx_word' id='word_1_350' title='bbox 1154 2840 1305 2893; x_wconf 76' lang='grc' dir='ltr'><strong><em>ἄγαμαί</em></strong></span> <span class='ocrx_word' id='word_1_351' title='bbox 1318 2852 1359 2879; x_wconf 84' lang='grc' dir='ltr'><strong><em>σε</em></strong></span> <span class='ocrx_word' id='word_1_352' title='bbox 1376 2839 1442 2878; x_wconf 78' lang='grc' dir='ltr'><strong><em>καὶ</em></strong></span> <span class='ocrx_word' id='word_1_353' title='bbox 1459 2838 1612 2891; x_wconf 69' lang='grc' dir='ltr'><strong><em>ἄγαμαί</em></strong></span> <span class='ocrx_word' id='word_1_354' title='bbox 1625 2852 1708 2879; x_wconf 89' lang='grc' dir='ltr'><strong><em>σου·</em></strong></span> <span class='ocrx_word' id='word_1_355' title='bbox 1726 2840 1769 2880; x_wconf 84' lang='grc' dir='ltr'>τὸ</span> <span class='ocrx_word' id='word_1_356' title='bbox 1785 2839 1857 2892; x_wconf 80' lang='grc' dir='ltr'>μὲν</span> <span class='ocrx_word' id='word_1_357' title='bbox 1873 2836 1974 2893; x_wconf 80' lang='grc' dir='ltr'><strong><em>ἦθος</em></strong></span> 
     </span>
     <span class='ocr_line' id='line_1_40' title="bbox 276 2906 1974 2963; baseline -0.001 -12"><span class='ocrx_word' id='word_1_358' title='bbox 276 2910 352 2963; x_wconf 79' lang='grc' dir='ltr'><strong><em>ἔχει</em></strong></span> <span class='ocrx_word' id='word_1_359' title='bbox 378 2910 443 2950; x_wconf 79' lang='grc' dir='ltr'><strong><em>καὶ</em></strong></span> <span class='ocrx_word' id='word_1_360' title='bbox 469 2911 696 2962; x_wconf 78' lang='grc' dir='ltr'><strong><em>εἰρωνείαν,</em></strong></span> <span class='ocrx_word' id='word_1_361' title='bbox 722 2910 763 2950; x_wconf 83' lang='grc' dir='ltr'>τὸ</span> <span class='ocrx_word' id='word_1_362' title='bbox 791 2909 944 2962; x_wconf 71' lang='grc' dir='ltr'><strong><em>ἄγαμαί</em></strong></span> <span class='ocrx_word' id='word_1_363' title='bbox 958 2922 1042 2949; x_wconf 92' lang='grc' dir='ltr'><strong><em>σου.</em></strong></span> <span class='ocrx_word' id='word_1_364' title='bbox 1071 2907 1249 2955; x_wconf 77' lang='grc' dir='ltr'><strong><em>Εὔπολις</em></strong></span> <span class='ocrx_word' id='word_1_365' title='bbox 1276 2906 1424 2959; x_wconf 74' lang='grc' dir='ltr'><strong><em>ἄγαμαι</em></strong></span> <span class='ocrx_word' id='word_1_366' title='bbox 1454 2906 1684 2958; x_wconf 78' lang='grc' dir='ltr'><strong><em>κεράμου</em></strong></span> <span class='ocrx_word' id='word_1_367' title='bbox 1716 2911 1974 2954; x_wconf 85' lang='lat' dir='ltr'>(correctum</span> 
     </span>
     <span class='ocr_line' id='line_1_41' title="bbox 276 2972 1974 3030; baseline -0.001 -14"><span class='ocrx_word' id='word_1_368' title='bbox 276 2978 475 3030; x_wconf 79' lang='grc' dir='ltr'><strong><em>κεραμέως</em></strong></span> <span class='ocrx_word' id='word_1_369' title='bbox 513 2990 536 3018; x_wconf 86' lang='lat' dir='ltr'>e</span> <span class='ocrx_word' id='word_1_370' title='bbox 571 2979 647 3019; x_wconf 84' lang='lat' dir='ltr'>BA</span> <span class='ocrx_word' id='word_1_371' title='bbox 686 2980 785 3028; x_wconf 84' lang='lat'><strong>335,</strong></span> <span class='ocrx_word' id='word_1_372' title='bbox 822 2980 860 3024; x_wconf 85' lang='lat'>2)</span> <span class='ocrx_word' id='word_1_373' title='bbox 903 2977 986 3015; x_wconf 73' lang='grc' dir='ltr'><strong><em>αἵθ.</em></strong></span> <span class='ocrx_word' id='word_1_374' title='bbox 1021 2975 1093 3016; x_wconf 85' lang='grc' dir='ltr'><strong><em>ε’στ.</em></strong></span> <span class='ocrx_word' id='word_1_375' title='bbox 1133 2976 1194 3016; x_wconf 85' lang='lat' dir='ltr'>Cf.</span> <span class='ocrx_word' id='word_1_376' title='bbox 1229 2976 1331 3014; x_wconf 83' lang='lat' dir='ltr'>Hes.</span> <span class='ocrx_word' id='word_1_377' title='bbox 1366 2974 1636 3023; x_wconf 85' lang='grc' dir='ltr'><strong><em>κεραμεύς·</em></strong></span> <span class='ocrx_word' id='word_1_378' title='bbox 1669 2972 1689 3013; x_wconf 86' lang='grc' dir='ltr'><em>ὅ</em></span> <span class='ocrx_word' id='word_1_379' title='bbox 1720 2976 1974 3028; x_wconf 75' lang='grc' dir='ltr'><strong><em>λυχνουργός.</em></strong></span> 
     </span>
     <span class='ocr_line' id='line_1_42' title="bbox 276 3040 1973 3095; baseline -0.002 -9"><span class='ocrx_word' id='word_1_380' title='bbox 276 3043 464 3095; x_wconf 87' lang='lat' dir='ltr'>Blaydes</span> <span class='ocrx_word' id='word_1_381' title='bbox 480 3046 552 3086; x_wconf 81' lang='lat' dir='ltr'>eft·</span> <span class='ocrx_word' id='word_1_382' title='bbox 571 3047 733 3095; x_wconf 88' lang='lat' dir='ltr'>Phryn.</span> <span class='ocrx_word' id='word_1_383' title='bbox 761 3047 827 3085; x_wconf 92' lang='lat'>10.</span> <span class='ocrx_word' id='word_1_384' title='bbox 846 3046 917 3084; x_wconf 88' lang='lat' dir='ltr'>Ar.</span> <span class='ocrx_word' id='word_1_385' title='bbox 937 3045 1043 3084; x_wconf 91' lang='lat' dir='ltr'>Ach.</span> <span class='ocrx_word' id='word_1_386' title='bbox 1063 3044 1162 3083; x_wconf 88' lang='lat'>489.</span> <span class='ocrx_word' id='word_1_387' title='bbox 1183 3044 1263 3082; x_wconf 88' lang='lat' dir='ltr'>Av.</span> <span class='ocrx_word' id='word_1_388' title='bbox 1287 3042 1412 3081; x_wconf 85' lang='lat'>1744.</span> <span class='ocrx_word' id='word_1_389' title='bbox 1434 3063 1485 3068; x_wconf 97' lang='lat'><strong>—</strong></span> <span class='ocrx_word' id='word_1_390' title='bbox 1506 3040 1584 3090; x_wconf 84' lang='lat' dir='ltr'>Qui</span> <span class='ocrx_word' id='word_1_391' title='bbox 1609 3042 1662 3081; x_wconf 91' lang='lat' dir='ltr'>ad</span> <span class='ocrx_word' id='word_1_392' title='bbox 1690 3042 1739 3082; x_wconf 86' lang='lat' dir='ltr'>fr.</span> <span class='ocrx_word' id='word_1_393' title='bbox 1759 3044 1844 3083; x_wconf 86' lang='lat'>366</span> <span class='ocrx_word' id='word_1_394' title='bbox 1863 3044 1973 3093; x_wconf 87' lang='lat' dir='ltr'>apud</span> 
     </span>
     <span class='ocr_line' id='line_1_43' title="bbox 276 3107 1973 3163; baseline -0.004 -9"><span class='ocrx_word' id='word_1_395' title='bbox 276 3114 555 3153; x_wconf 87' lang='lat' dir='ltr'>Athenaeum</span> <span class='ocrx_word' id='word_1_396' title='bbox 597 3115 763 3153; x_wconf 89' lang='lat' dir='ltr'>temere</span> <span class='ocrx_word' id='word_1_397' title='bbox 805 3109 1196 3163; x_wconf 83' lang='grc' dir='ltr'><strong><em>κατασεσιγασμένων</em></strong></span> <span class='ocrx_word' id='word_1_398' title='bbox 1239 3113 1311 3155; x_wconf 84' lang='lat' dir='ltr'>(sc.</span> <span class='ocrx_word' id='word_1_399' title='bbox 1355 3107 1503 3159; x_wconf 87' lang='grc' dir='ltr'><strong><em>νόμων)</em></strong></span> <span class='ocrx_word' id='word_1_400' title='bbox 1536 3107 1707 3158; x_wconf 85' lang='lat' dir='ltr'>refingit</span> <span class='ocrx_word' id='word_1_401' title='bbox 1740 3110 1782 3149; x_wconf 92' lang='lat' dir='ltr'>in</span> <span class='ocrx_word' id='word_1_402' title='bbox 1815 3123 1973 3148; x_wconf 74' lang='grc' dir='ltr'><strong><em>κατασε-</em></strong></span> 
     </span>
     <span class='ocr_line' id='line_1_44' title="bbox 274 3178 1973 3232; baseline -0.002 -13"><span class='ocrx_word' id='word_1_403' title='bbox 274 3178 510 3232; x_wconf 79' lang='grc' dir='ltr'><strong><em>σιγασμένα,</em></strong></span> <span class='ocrx_word' id='word_1_404' title='bbox 542 3190 627 3219; x_wconf 91' lang='lat' dir='ltr'>non</span> <span class='ocrx_word' id='word_1_405' title='bbox 661 3182 871 3228; x_wconf 88' lang='lat' dir='ltr'>reputans</span> <span class='ocrx_word' id='word_1_406' title='bbox 903 3179 1168 3218; x_wconf 87' lang='lat' dir='ltr'>contrarium</span> <span class='ocrx_word' id='word_1_407' title='bbox 1203 3186 1394 3215; x_wconf 88' lang='lat' dir='ltr'>errorem</span> <span class='ocrx_word' id='word_1_408' title='bbox 1423 3178 1598 3225; x_wconf 90' lang='lat' dir='ltr'>propter</span> <span class='ocrx_word' id='word_1_409' title='bbox 1629 3178 1780 3215; x_wconf 87' lang='lat' dir='ltr'>notum</span> <span class='ocrx_word' id='word_1_410' title='bbox 1807 3187 1973 3216; x_wconf 89' lang='lat' dir='ltr'>morem</span> 
     </span>
     <span class='ocr_line' id='line_1_45' title="bbox 275 3243 1974 3293; baseline -0.002 -7"><span class='ocrx_word' id='word_1_411' title='bbox 275 3247 552 3287; x_wconf 90' lang='lat' dir='ltr'>librariorum</span> <span class='ocrx_word' id='word_1_412' title='bbox 583 3246 921 3286; x_wconf 87' lang='lat' dir='ltr'>terminationes</span> <span class='ocrx_word' id='word_1_413' title='bbox 953 3245 1006 3284; x_wconf 87' lang='lat' dir='ltr'>ad</span> <span class='ocrx_word' id='word_1_414' title='bbox 1031 3245 1229 3293; x_wconf 82' lang='lat' dir='ltr'>proxima</span> <span class='ocrx_word' id='word_1_415' title='bbox 1256 3243 1685 3282; x_wconf 88' lang='lat' dir='ltr'>accommodantium</span> <span class='ocrx_word' id='word_1_416' title='bbox 1713 3244 1853 3283; x_wconf 89' lang='lat' dir='ltr'>multo</span> <span class='ocrx_word' id='word_1_417' title='bbox 1878 3254 1974 3283; x_wconf 88' lang='lat' dir='ltr'>esse</span> 
     </span>
    </p>
   </div>
  </div>
 </body>
</html>
