2216 3522
1035 227 1117 265 115

194 354 262 394 Fr.
299 353 366 403 19,
401 354 440 392 2.
802 353 845 390 B.
880 350 918 389 τί
946 349 996 390 σὺ
1026 348 1172 403 λέγειςς
1203 349 1389 402 twedam

549 419 751 459 συσσίτιον
781 417 930 470 μέλλεις
960 418 1214 469 νοσηλεύειν;
1246 416 1370 457 ὅσον

549 482 753 538 ἀκροκώλι’
789 484 902 535 ἕψειν
939 483 1127 535 <ὠτία>,
1158 484 1306 538 ῥύγχη,
1334 484 1475 530 πόδας.

253 555 319 595 Ex
363 555 458 605 ipso
504 554 733 594 Athenaeo
779 554 965 594 feliciter
1012 550 1107 592 ὠτία
1152 553 1348 593 restituit
1393 552 1532 602 Kock,
1579 553 1656 592 sed
1704 553 1956 602 corruptum

253 624 394 662 restat
425 620 533 671 ὅσον,
563 632 646 670 quo
678 621 786 660 nihil
817 621 1004 660 lucidius
1029 623 1098 660 est
1124 619 1222 676 ὅσῳ,
1247 620 1360 669 quod
1387 620 1612 669 proposuit
1636 619 1700 659 Bl.
1730 619 1959 659 Manifesto

255 689 478 730 sententia
507 688 724 738 postulat:

968 755 1213 806 νοσηλεύειν,
1244 753 1367 794 δέον

554 819 756 875 ἀκροκώλι’
794 820 906 873 ἕψειν
940 845 992 851 -—
1025 821 1178 870 πόδας;

198 893 267 933 Fr.
300 893 370 943 20,
407 894 443 932 1.
477 890 519 930 τὸ
544 890 710 941 κρανίον
745 889 986 940 κατεδήδοκε
1013 901 1088 930 cur
1114 891 1310 939 praestet
1336 889 1516 938 vulgato
1543 889 1777 930 verborum
1805 891 1964 940 ordini,

257 961 308 999 ut
336 961 463 1009 putat
494 959 572 1008 Bl.‚
606 959 716 998 mihi
748 959 923 1007 quidem
955 960 1024 998 est
1055 957 1433 997 obscurissimum.

199 1027 267 1067 Fr.
301 1027 372 1076 21,
406 1027 446 1066 3.
479 1024 669 1077 ἑταιρείας
711 1036 789 1075 pro
830 1023 1002 1077 ἑταιρίας
1041 1025 1239 1074 postulat
1282 1025 1476 1064 Meineke
1510 1024 1721 1074 probante
1752 1025 1966 1075 Nauckio,

256 1094 544 1134 dissentiente
585 1093 665 1143 Bl.,
699 1093 813 1142 quod
846 1093 1019 1132 nullum
1051 1094 1175 1132 extet
1206 1092 1390 1132 verbum
1423 1089 1654 1143 ἑταιρεύειν,
1682 1093 1759 1132 sed
1791 1091 1971 1144 ἑταιρεῖν,

258 1171 345 1201 non
375 1162 588 1210 reputans
620 1163 771 1201 tamen
807 1170 906 1200 esse
937 1160 1120 1200 verbum
1154 1158 1447 1211 ἑταιρεύεσθαι,
1477 1160 1615 1199 subst.
1649 1158 1853 1211 ἕταιρεῐον,
1884 1162 1968 1201 adi.

258 1225 466 1279 ἑταιρεῐος,
503 1228 673 1268 formas
712 1228 880 1268 ionicas
920 1225 1119 1279 ἑταιρηίη,
1148 1226 1356 1277 ἑταιρήιος.
1389 1227 1546 1266 Nullus
1576 1228 1802 1277 hucusque
1832 1228 1970 1268 bonae

258 1295 421 1335 aetatis
461 1295 619 1335 titulus
658 1296 867 1335 inventus
899 1295 1085 1344 videtur,
1125 1295 1198 1344 qui
1229 1294 1534 1344 quaestionem
1565 1294 1694 1344 plane
1726 1296 1970 1347 dirimeret,

259 1363 337 1403 sed
363 1363 491 1403 valde
519 1363 759 1414 probabilis
795 1365 948 1402 tamen
975 1363 1148 1403 videtur
1172 1362 1318 1412 opinio
1345 1372 1517 1412 eorum,
1551 1363 1624 1410 qui
1650 1363 1971 1413 diphthongum

258 1431 501 1481 postulant,
548 1431 814 1481 gravissimo
861 1432 1038 1470 utentes
1080 1431 1341 1479 argumento
1383 1429 1706 1479 diphthongum
1749 1431 1971 1471 interdum

260 1500 401 1539 metro
426 1498 659 1547 postulari,
689 1498 888 1538 vocalem
916 1508 1151 1546 nusquam.
1180 1497 1242 1537 Cf.
1270 1496 1455 1536 Dindorf
1476 1497 1521 1536 in
1539 1497 1763 1537 Thesauro
1779 1509 1819 1547 p.
1840 1499 1969 1539 2117.

261 1566 385 1606 Vana
417 1569 486 1607 est
509 1568 711 1606 veterum
741 1566 1133 1616 grammaticorum
1169 1565 1393 1605 distinctio
1425 1566 1542 1604 inter
1566 1563 1742 1616 ἑταιρίαν
1761 1582 1816 1597 =
1834 1565 1973 1616 φιλίαν

261 1635 308 1674 et
336 1631 532 1685 ἑταιρείαν
564 1644 701 1674 sensu
731 1633 920 1683 politico.
959 1633 1172 1673 Similiter
1203 1631 1367 1684 ἀνδρεία
1392 1633 1585 1682 genuina
1610 1634 1751 1673 forma
1777 1636 1846 1674 est
1871 1637 1974 1681 (non

263 1700 421 1753 ἀνδρία)
454 1704 508 1742 ad
539 1701 876 1741 similitudinem
909 1701 1115 1740 adiectivi
1147 1698 1330 1751 ἀνδρεῖος
1362 1701 1566 1740 formata.

205 1770 274 1810 Fr.
307 1770 376 1820 22,
412 1771 436 1810 7
470 1770 671 1820 spurium
714 1769 833 1809 ducit
873 1769 954 1818 Bl.,
988 1779 1075 1808 non
1108 1778 1212 1818 ego,
1245 1778 1326 1807 nec
1356 1768 1482 1808 video
1515 1778 1591 1807 cur
1622 1778 1687 1807 vs.
1722 1770 1747 1808 9
1779 1771 1974 1818 praestet

265 1834 431 1889 ὡσπερεὶ
474 1840 565 1886 (pro
604 1835 734 1884 ὥσπερ
775 1833 817 1886 ἡ)
859 1836 1055 1887 Χίμαιρα,
1099 1837 1176 1875 aut
1224 1845 1289 1875 vs.
1342 1836 1393 1874 12
1441 1840 1518 1873 νῦν
1558 1845 1634 1885 pro
1677 1831 1713 1874 δ’
1750 1830 1822 1886 αὖ,
1862 1847 1972 1885 quae

264 1904 382 1944 idem
412 1904 616 1953 requirit,
650 1903 728 1943 sed
763 1913 827 1942 vs.
866 1903 918 1943 18
950 1903 1060 1942 bene
1091 1904 1242 1942 tuetur
1274 1900 1360 1953 οὐχὶ
1392 1901 1528 1953 πόρρω
1554 1917 1635 1942 που
1665 1906 1777 1942 ποιεῖ
1802 1904 1975 1950 (leave

266 1993 323 1999 —-
350 1971 572 2017 behind)
612 1972 657 2011 et
696 1981 761 2011 VS.
795 1971 851 2010 25
889 1969 975 2009 εἴθε
1006 1970 1196 2010 fortasse
1232 1970 1326 2009 iure
1362 1970 1559 2019 postulat
1599 1981 1676 2020 pro
1707 1972 1851 2021 primo
1883 1966 1975 2010 εἶτα.

265 2039 452 2089 Ibidem,
496 2043 546 2078 ut
586 2039 793 2089 antehac,
835 2038 1017 2088 probata
1046 2037 1232 2077 Dobraei
1263 2038 1432 2077 ratione
1464 2038 1661 2087 improbo
1694 2038 1848 2078 Kockii
1880 2049 1973 2078 con-

266 2107 499 2156 iecturam,
528 2106 629 2155 quia
655 2104 806 2157 θρόνος
833 2115 986 2154 semp
1000 2115 1023 2144 e
1037 2115 1057 2144 r
1083 2106 1152 2144 est
1172 2103 1387 2155 τετράπους
1405 2106 1450 2144 et
1466 2103 1675 2160 ἀπορούσῃ
1693 2105 1901 2146 abundat.
1922 2129 1975 2134 —

269 2173 342 2213 Vs.
377 2173 446 2212 21.
479 2173 628 2212 Malim
659 2170 722 2211 τὼ
754 2169 882 2222 σκέλη.
910 2194 966 2198 -
993 2171 1068 2212 Vs.
1098 2172 1167 2211 28.
1199 2171 1449 2221 Depravata
1478 2171 1608 2211 lectio
1640 2168 1675 2211 δ’
1711 2170 1820 2211 ἄκων
1855 2172 1977 2223 μόνος

269 2251 409 2290 neque
449 2240 669 2289 Blaydesii
711 2239 963 2279 coniectura
994 2234 1031 2277 δ’
1076 2238 1179 2277 οὕτω
1211 2230 1333 2289 μόνος
1373 2249 1512 2288 neque
1553 2240 1777 2280 Kockiana
1815 2240 1977 2279 πάντων

269 2307 391 2359 μόνος
432 2309 628 2347 sanatur.
671 2306 802 2346 Venit
842 2307 885 2346 in
933 2308 1130 2346 mentem
1173 2302 1208 2344 δ’
1254 2303 1363 2344 ἄκων
1405 2305 1578 2356 μόλις,
1619 2307 1712 2346 scil.
1756 2308 1977 2348 invitus

268 2376 442 2425 propter
462 2375 597 2414 scorti
627 2374 873 2424 illecebras,
908 2375 1064 2423 quibus
1091 2375 1263 2424 captus,
1292 2384 1399 2414 mox
1415 2375 1602 2414 avaritia
1624 2375 1718 2414 eius
1744 2375 1979 2415 deterritus

270 2442 422 2492 fugam
453 2442 646 2491 capessit
677 2443 722 2481 et
754 2442 849 2481 vix
880 2442 1035 2481 salvus
1067 2442 1227 2481 evadit.

215 2511 283 2551 Fr.
316 2510 386 2560 23,
421 2510 460 2549 2.
492 2504 568 2559 τρί’
605 2519 682 2558 pro
713 2508 794 2559 τρίς
827 2519 1004 2548 mecum
1039 2508 1103 2548 Bl.

215 2578 284 2617 Fr.
318 2577 387 2616 24.
418 2574 486 2615 καὶ
526 2574 624 2626 πρὸς
665 2573 728 2614 ἐπὶ
764 2575 917 2623 τούτοις
948 2574 1170 2622 τιθασὸς
1203 2575 1383 2625 οἰμώζων
1415 2569 1528 2622 ταῶς.
1562 2575 1670 2625 Quid
1703 2587 1865 2624 quaeso
1897 2577 1979 2616 sibi

277 2645 371 2684 vult
409 2642 607 2690 τιθασόςῗ)
647 2643 799 2682 Nonne
840 2643 975 2692 igitur
1015 2643 1092 2683 illa
1132 2644 1279 2683 aetate
1320 2653 1475 2682 omnes
1505 2653 1719 2693 pavoneS,
1755 2646 1802 2683 ut
1832 2645 1978 2692 hodie,

274 2712 319 2751 in
345 2711 526 2751 Graecia
551 2712 675 2749 erant
699 2710 897 2750 cicures?
930 2711 1134 2750 Fortasse
1161 2710 1319 2749 vitium
1345 2710 1510 2750 subest.
1541 2709 1731 2760 Οἰμώζων
1758 2713 1907 2750 utrum
1925 2727 1978 2743 =

277 2777 561 2828 οἰμωξόμενος,
599 2779 651 2816 ut
692 2778 914 2826 Aristoph.
956 2778 1007 2817 fr.
1055 2778 1120 2827 18,
1156 2778 1180 2816 2
1224 2777 1311 2823 (ubi
1344 2778 1469 2827 vide),
1512 2787 1567 2816 an
1599 2778 1745 2826 potius
1776 2778 1981 2818 misere

279 2846 560 2885 clamans?
589 2844 703 2884 Nota
734 2846 803 2884 est
835 2845 1022 2883 stridula
1054 2854 1141 2883 vox
1172 2844 1370 2893 pavonis.

221 2913 291 2953 Fr.
318 2913 387 2963 25,
419 2914 456 2952 1.
483 2911 638 2951 Kockii
666 2911 941 2951 coniecturae
969 2909 1035 2949 καὶ
1063 2910 1250 2961 Κράναος
1279 2921 1355 2960 pro
1374 2908 1531 2962 χᾶτερος
1549 2921 1633 2950 non
1652 2911 1798 2951 solum
1815 2912 1981 2961 obstat,

281 2980 412 3030 quod,
456 2981 505 3019 ut
544 2979 651 3018 olim
694 2978 864 3027 monui,
909 2979 953 3017 in
994 2978 1158 3017 tradita
1204 2978 1390 3017 lectione
1438 2978 1557 3017 nulla
1603 2980 1671 3017 est
1718 2979 1900 3018 offensio
1942 2982 1986 3018 et

281 3050 430 3097 aperte
461 3046 725 3085 Athenaeus·
747 3045 854 3084 illud
880 3055 966 3085 non
993 3046 1118 3095 legit,
1147 3045 1223 3084 sed
1250 3046 1403 3094 etiam,
1432 3047 1482 3084 ut
1508 3047 1659 3085 monet
1681 3046 1759 3095 BL,
1788 3047 1982 3085 additum

280 3128 350 3161 τις.
391 3113 546 3154 Procul
587 3112 717 3152 dubio
759 3122 946 3161 persona
987 3112 1104 3161 prior
1135 3111 1281 3151 verbis
1320 3110 1477 3163 χᾶτερός
1509 3127 1566 3159 τις
1597 3123 1645 3152 se
1677 3114 1823 3162 ipsum
1855 3114 1984 3162 signi-

283 3179 402 3230 ficat,
447 3180 617 3219 comica
657 3179 997 3228 exaggeratione
1046 3181 1173 3219 utens
1214 3181 1297 3225 (est
1338 3179 1456 3218 enim
1495 3179 1813 3224 famelicus)
1856 3181 1987 3219 verbo

285 3246 567 3299 διαρραγῆναι,
609 3255 788 3295 prorsus
827 3248 876 3286 ut
907 3247 950 3285 in
984 3246 1182 3286 Alexidis
1214 3247 1258 3284 et
1291 3245 1564 3285 Phoenicidis
1594 3246 1855 3295 fragmentis
1885 3247 1986 3293 (vid.
