2216 3522
1144 234 1187 264 V1

285 353 416 393 editio
456 353 586 392 tertia
624 350 897 403 praegressis
937 352 982 390 et
1023 350 1212 399 amplior
1245 351 1290 390 et
1320 347 1608 389 emendatior.
1641 345 1824 397 Qualem
1852 345 2054 396 parasset

284 435 410 476 nobis
464 435 647 476 Gnoson
693 435 899 475 Kmnnm
955 434 1173 474 industria
1224 434 1269 473 et
1314 431 1555 482 sagacitas,
1603 430 1689 471 nisi
1734 430 1837 480 post
1880 428 2051 471 editum

285 518 453 559 Siculae
493 518 742 559 comoediae
782 518 989 559 volumen
1030 517 1150 567 prius
1181 517 1326 557 virum
1367 514 1642 565 praeclarum
1682 524 1819 555 saeva
1852 523 1975 555 mors
2004 513 2052 555 in

285 603 378 653 ipso
410 603 527 643 vitae
558 602 662 643 flore
694 602 999 653 oppressisset.

371 685 466 725 Tali
508 695 610 726 vero
648 687 856 735 tantoque
899 685 1074 735 negotio
1110 695 1189 734 ego
1220 684 1312 735 qui,
1347 683 1554 733 quamvis
1586 681 1640 723 ab
1672 682 1852 723 ineunte
1882 680 2048 724 adoles-

283 771 407 809 cente
438 769 628 809 multum
662 770 705 809 in
737 770 818 809 hac
843 770 1090 809 litterarum
1117 770 1240 819 parte
1268 769 1490 818 versatus,
1515 768 1561 807 et
1585 767 1762 816 propter
1777 766 2048 807 aetatem—-

283 862 434 892 mense
481 854 680 902 proximo
726 854 943 903 attingam
987 862 1153 893 annum
1199 851 1580 902 septuagesimum
1625 848 1870 890 secundum
1906 869 1961 878 —
2001 847 2050 890 et

281 938 456 986 propter
497 935 859 977 bibliothecarum
901 937 1154 976 nostrarum
1196 935 1468 986 publicarum
1502 934 1792 985 indigentiam
1825 955 1880 964 —
1910 932 2048 984 parsi·

281 1020 429 1059 monia
452 1020 533 1060 hac
558 1020 734 1069 quidem
761 1020 804 1060 in
834 1030 880 1060 re
917 1019 1138 1060 excellent
1167 1019 1432 1070 reipublicae
1463 1018 1805 1060 Nederlandicae
1834 1016 2047 1068 guberna-

281 1105 401 1143 tores
427 1125 482 1131 —
510 1113 581 1143 me
623 1105 836 1153 imparem
878 1114 976 1144 esse
1017 1104 1183 1154 sentio,
1227 1103 1345 1143 volui
1375 1105 1526 1143 tamen
1558 1100 1879 1158 gravissimum
1909 1099 2047 1141 mturi

282 1186 479 1237 editoris,
517 1190 730 1235 quantum
758 1198 951 1239 possem,
985 1188 1178 1228 allevare
1204 1187 1400 1228 laborem
1428 1185 1672 1237 colligendo
1698 1186 1744 1226 et
1770 1183 2050 1225 diiudicando

280 1270 497 1319 permulta
527 1281 637 1320 quae
673 1273 765 1311 tam
793 1272 845 1311 ab
873 1272 971 1312 aliis
1002 1282 1134 1321 quam
1166 1282 1193 1312 a
1223 1282 1296 1312 me
1327 1272 1423 1322 ipso
1450 1273 1509 1317 (et
1539 1270 1647 1311 olim
1678 1270 1723 1309 in
1755 1268 2043 1318 Mnemosyne

279 1354 447 1393 Batava
492 1354 679 1403 alibique
725 1357 769 1395 et
814 1366 930 1396 nunc
975 1356 1182 1406 primum)
1225 1356 1279 1396 ad
1321 1355 1428 1396 haec
1469 1354 1720 1404 fragmenta
1760 1351 2042 1403 explicanda,

279 1437 555 1489 illustranda,
587 1440 862 1480 emendanda
887 1440 1057 1490 prolata
1081 1442 1250 1492 essent,
1283 1440 1417 1480 simul
1433 1439 1673 1480 identidem
1690 1443 2047 1478 commemorans

279 1531 389 1570 quae
414 1531 529 1562 nova
554 1523 803 1572 fragmenta
827 1524 1071 1565 collectioni
1102 1524 1354 1565 Kockianae
1384 1523 1624 1564 accessisse
1650 1530 1855 1570 nossem;
1886 1519 2046 1570 quibus

278 1615 394 1645 nova
422 1606 563 1646 editor
594 1607 743 1656 procul
774 1608 903 1648 dubio
936 1608 1125 1659 plurima
1156 1610 1240 1649 erit
1271 1609 1513 1649 additurus,

368 1690 549 1740 Magnae
594 1694 741 1742 partes
782 1694 912 1739 (iusto
953 1694 1146 1734 maiores
1185 1693 1372 1734 forsitan
1412 1693 1575 1733 dixerit
1609 1690 1844 1741 quispiam)
1884 1689 1930 1730 in
1959 1688 2044 1730 hoc

279 1773 386 1813 libro
428 1774 559 1814 tribui
600 1775 814 1815 Frederici
846 1776 1067 1826 Blaydesii
1099 1777 1152 1816 ad
1186 1776 1464 1817 comicorum
1496 1775 1763 1816 Graecorum
1793 1773 2045 1824 fragmenta
2088 1762 2095 1768 ’

278 1856 568 1898 collectaneis.
611 1859 659 1898 In
700 1870 784 1908 quo
824 1869 951 1909 opere
991 1860 1096 1900 licet
1126 1861 1382 1900 innumerae
1408 1859 1685 1910 reperiantur
1716 1867 1857 1898 vanae
1887 1856 2040 1899 ariola-

276 1941 435 1989 tiones,
469 1942 596 1991 idque
627 1953 757 1994 saepe
789 1944 832 1983 in
864 1944 983 1984 locos
1013 1944 1295 1998 sanissimos,
1327 1944 1454 1984 docto
1481 1946 1526 1984 et
1551 1941 1790 1983 venerabili
1812 1951 1920 1982 sene
1933 1940 2039 1982 indi·

276 2024 533 2075 gnissimae,
576 2026 727 2066 insunt
766 2029 917 2067 tamen
958 2027 1074 2067 haud
1115 2037 1256 2077 pauca
1285 2028 1534 2068 rectissime
1565 2025 1801 2067 observata
1831 2034 1912 2066 nec
1941 2033 2040 2066 raro

277 2110 403 2148 acute
443 2110 624 2149 inventa
664 2113 708 2150 et
747 2111 987 2160 probabilia
1028 2111 1285 2162 admodum,
1328 2112 1392 2151 ita
1431 2113 1482 2151 ut
1512 2119 1670 2161 operae
1699 2110 1892 2160 pretium
1921 2108 2039 2150 vide⁴

277 2194 398 2232 retur
436 2192 666 2242 diligenter
706 2194 910 2244 indagare
950 2195 1051 2244 quid
1093 2195 1160 2235 vir
1190 2195 1243 2235 de
1274 2195 1444 2245 graecis
1475 2194 1638 2235 litteris
1667 2203 1745 2244 per
1777 2193 1916 2234 vitam
1947 2192 2040 2233 lon·

276 2277 505 2326 gissimam
533 2276 639 2317 bene
663 2278 847 2317 meritus
873 2278 926 2318 ad
954 2279 1060 2319 haec
1076 2279 1326 2329 fragmenta
1341 2279 1602 2319 illustranda
1617 2280 1748 2329 atque
1765 2277 2041 2319 emendanda

277 2361 532 2412 contulerit„
549 2361 790 2401 Dolendum
817 2364 886 2402 est
911 2372 1019 2403 sane
1044 2363 1157 2412 quod
1183 2363 1475 2404 immoderato
1490 2362 1665 2412 quidvis
1680 2347 1756 2413 per
1770 2362 1839 2403 fas
1854 2364 1900 2403 et
1914 2361 2040 2404 netas

278 2446 496 2495 mutandi,
545 2445 667 2486 nulla
707 2456 836 2496 saepe
888 2447 1038 2487 habita
1083 2447 1469 2498 palaeographices
1518 2437 1709 2499 ratione,
1758 2446 1948 2499 libidini,
1981 2468 2038 2478 —

277 2528 764 2580 Wakefieldiasin,
800 2531 937 2571 critici
969 2531 1100 2581 Angli
1127 2532 1179 2571 de
1207 2532 1403 2583 nomine,
1430 2531 1681 2573 ioculariter
1705 2541 1807 2572 eum
1832 2530 2038 2572 morbum

276 2612 551 2661 appellabant
567 2615 755 2654 maiores
771 2616 908 2655 nostri
927 2638 979 2644 —
994 2616 1137 2666 magis
1152 2617 1383 2666 magisque
1399 2615 1633 2666 indulgens
1650 2616 1717 2656 vir
1732 2625 1871 2665 aeque
1884 2614 2041 2656 doctus

277 2706 326 2734 ac
368 2697 619 2745 ingeniosus
657 2708 763 2738 suae
789 2699 927 2749 ipsius
967 2699 1112 2740 famae
1153 2700 1215 2740 ita
1255 2699 1421 2750 offecit,
1460 2701 1510 2739 ut
1539 2698 1639 2739 libri
1670 2699 1765 2740 eius
1795 2696 2038 2739 incredibili

277 2780 497 2820 celeritate
524 2781 659 2823 altera
677 2783 811 2823 alium
839 2784 1107 2833 excipientes
1125 2795 1150 2824 a
1167 2783 1409 2824 iunioribus
1433 2783 1524 2824 fere
1541 2783 1775 2833 philologis
1789 2781 1890 2833 plus
1904 2789 2038 2832 quam

278 2868 499 2904 merentur
541 2867 876 2916 vilipendantur.
910 2868 1002 2918 Quo
1043 2869 1187 2919 magis
1218 2868 1288 2908 his
1319 2868 1426 2918 ipsis
1457 2867 1609 2908 diebus
1639 2865 1820 2917 gavisus
1849 2874 1951 2906 sum
1981 2864 2036 2906 ab

277 2948 441 2995 optimo
476 2950 565 2989 viro
597 2951 708 2990 dono
743 2952 961 3002 accipiens
1002 2951 1347 3002 spicilegium
1390 2951 1485 2992 eius
1517 2950 1878 3001 Sophocleum,
1905 2958 2035 2990 com·

279 3033 613 3073 trientarium
647 3038 977 3085 perpetuum
1020 3037 1072 3077 in
1104 3039 1322 3086 septem
1364 3035 1669 3086 Sophoclis
1700 3033 2036 3084 tragoedias

278 3118 578 3158 continens
620 3120 759 3163 (Halis
804 3121 1029 3161 Saxonum
1059 3132 1099 3161 a.
1137 3121 1283 3170 1903),
1316 3121 1360 3160 in
1393 3130 1477 3170 quo
1509 3119 1618 3161 libro
1649 3119 1868 3170 stupenda
1895 3117 2034 3160 erudi·

276 3200 391 3239 tione
423 3202 593 3250 singula
626 3214 760 3251 paene
791 3207 944 3254 poetae
978 3204 1109 3245 verba
1139 3205 1253 3245 nube
1283 3204 1586 3256 exemplorum
1612 3204 1871 3256 illustravit,
1903 3204 2034 3246 absti-
