2216 3522
1139 223 1194 262 84

288 350 354 389 Fr.
393 350 487 397 129,
521 349 561 388 2.
608 348 869 397 Suspectum
917 346 1107 386 alterum
1153 347 1304 386 utrum
1349 342 1441 395 μέν,
1489 342 1566 383 sed
1613 342 1905 383 immodulata
1949 340 2049 382 Mei·

343 416 457 456 nekii
506 419 573 455 est
620 415 827 455 correctio
873 412 998 463 ὄψον,
1050 413 1218 463 melior,
1261 412 1339 452 sed
1382 412 1498 452 iusto
1540 410 1786 460 violentior,
1830 408 2051 460 Blaydesli

344 481 516 535 ὀψάριον
562 479 682 522 οὐδὲν
730 480 854 520 ἐσθίει
900 480 1127 520 θαλάττιον.
1174 479 1282 530 Quia
1328 481 1480 519 tamen
1526 478 1742 517 θαλάττιον
1783 474 1923 526 οὐδέν,
1962 486 2049 516 non

342 552 489 592 addito
519 549 646 599 ὄψον,
680 550 926 590 rectissime
957 549 1125 589 dictum
1157 550 1244 597 est,
1287 546 1512 588 suffecerit
1541 546 1733 586 scribere
1764 555 1864 586 cum
1897 544 2049 585 eodem

346 618 578 659 Meinekio:

939 681 961 723 ὁ
992 680 1033 723 δ’
1068 682 1121 723 ἐν
1153 687 1245 733 (pro
1277 680 1364 734 μὲν)
1396 680 1503 738 ἀγρῷ
1534 681 1774 733 τρεφόμενος

696 751 913 791 θαλάττιον
946 749 1018 803 μὲν
1050 746 1166 799 οὗτος
1199 748 1320 792 οὐδὲν
1351 749 1497 800 ἐσθίει,
1527 748 1602 790 uti.

284 821 357 861 Vs.
390 823 430 860 4.
471 820 633 859 θύννου
675 830 751 869 pro
792 819 952 871 θύννης
993 820 1090 860 sine
1132 829 1268 860 causa
1298 818 1455 859 idonea
1493 818 1558 859 Bl.
1594 840 1647 847 -
1679 816 1755 857 Vs.
1784 819 1825 858 6.
1858 816 1975 857 idem
2006 813 2052 854 τὸ

343 883 435 927 δεῖν’
470 886 520 926 ἂν
552 885 725 933 ἕσθίοιςς
757 889 834 927 aut
864 886 907 926 τὸ
939 886 1052 926 δεινὰ
1084 883 1122 926 δ’
1157 885 1209 926 ἂν
1237 886 1404 940 φάγοις;
1431 887 1558 927 Prius
1583 885 1740 936 placet.
1761 907 1814 915 —
1832 884 1907 924 Vs.
1937 884 1979 924 7.
2005 881 2052 922 τὰ

341 954 528 995 λειόνωτα
569 959 702 993 ταῦτα.
744 954 829 1004 BL,
882 956 960 995 aut
975 978 1203 997 ψψψψψψ
1232 956 1274 993 Γ.
1305 957 1454 1002 uoltu
1490 955 1534 993 K.
1561 956 1615 999 λ..;
1655 963 1732 1003 pro
1763 953 1903 1001 πλοῖα,
1937 951 2052 1001 quod

343 1024 385 1063 in
417 1025 529 1061 λεῖα
554 1022 717 1062 mutari
745 1022 864 1062 iubet
891 1022 1129 1072 Headlam;
1159 1024 1252 1073 ipse
1278 1020 1387 1062 τουτὶ
1419 1022 1462 1062 in
1488 1020 1540 1061 τὸ
1566 1021 1632 1067 τίς
1657 1019 1922 1060 mutandum
1947 1014 2053 1070 puto

340 1100 441 1130 cum
485 1089 666 1139 KockiO,
700 1089 936 1139 desperans
966 1090 1019 1130 de
1058 1091 1259 1140 reliquis;
1293 1101 1397 1131 nam
1430 1091 1534 1140 apta
1564 1089 1738 1139 quidem
1769 1087 1847 1128 sed
1877 1086 2054 1128 traditis

341 1157 641 1197 dissimillima
665 1159 770 1196 sunt
795 1167 906 1206 quae
933 1160 1160 1208 praeterea
1187 1158 1424 1209 proposuit.
1445 1180 1481 1187 —
1517 1157 1592 1197 Vs.
1620 1158 1661 1197 8.
1688 1155 1890 1196 Feliciter
1914 1153 2053 1195 Head-

342 1225 450 1273 lam,
492 1224 588 1264 coll.
631 1225 766 1264 Arist.
810 1225 861 1264 fr.
897 1226 982 1265 218
1026 1228 1071 1265 et
1111 1226 1260 1276 Eupol.
1295 1227 1400 1276 338,
1443 1224 1566 1277 ἔγνως
1593 1235 1670 1275 pro
1695 1221 1860 1276 ἀγρίως,
1888 1223 2053 1272 quanto

341 1292 606 1341 probabilius
652 1303 784 1340 quam
832 1292 999 1343 μάλιστά
1040 1290 1071 1346 γ’
1123 1294 1191 1334 vel
1235 1293 1373 1346 ἥδιστά
1413 1289 1444 1346 γ’
1488 1293 1695 1343 Blaydes,
1743 1291 1816 1341 qui
1857 1290 2054 1331 adhibita

340 1359 557 1399 Eustathii
586 1359 771 1399 lectione
802 1361 1021 1411 sagaciter
1053 1372 1117 1402 vs.
1150 1363 1202 1401 10
1234 1362 1410 1412 supplet
1441 1360 1671 1402 scribendo
1701 1358 1847 1410 κομιδῆ
1878 1356 1953 1411 γὰρ
1978 1355 2052 1397 οὐκ

342 1421 391 1478 ἦν
430 1425 589 1468 <οὐδὲν
621 1423 871 1470 ἐνταῦθ’;>
908 1428 1091 1480 οὐδαμοῦ
1123 1431 1200 1470 aut
1231 1426 1389 1469 ἐνθάδ’.

290 1495 354 1534 Fr.
395 1495 491 1543 132,
535 1496 575 1534 3.
618 1494 742 1545 σακτή
790 1498 1043 1546 corruptum
1097 1499 1225 1547 putat
1270 1497 1334 1538 Bl.
1389 1497 1546 1548 Quidni
1592 1506 1696 1536 vero
1742 1495 1874 1545 loligo
1908 1491 2057 1548 farciri

341 1564 514 1612 potuit?
546 1563 619 1603 Vs.
653 1564 678 1602 9
710 1565 877 1605 temere
908 1565 1025 1605 idem
1056 1563 1124 1605 καὶ
1154 1565 1307 1605 τούτων
1338 1565 1407 1605 vel
1437 1565 1589 1605 τούτων
1619 1561 1692 1615 μὲν
1721 1573 1799 1614 pro
1829 1562 1966 1603 sanis.

285 1632 349 1670 Fr.
389 1632 484 1679 133,
519 1633 558 1670 5.
607 1629 786 1681 ἐκτομίας
827 1643 904 1681 pro
947 1632 995 1672 οὐ
1039 1633 1179 1685 ταμίας
1219 1634 1316 1674 sine
1348 1643 1482 1674 causa
1514 1633 1672 1673 idonea
1701 1631 1786 1680 Bl.;
1828 1632 2056 1682 praeterea

341 1699 545 1738 librarius
588 1699 759 1738 facilius
800 1700 843 1740 in
886 1702 1152 1741 contrariam
1186 1704 1357 1751 partem
1391 1703 1632 1752 peccasset.
1666 1723 1721 1729 -—
1754 1699 1830 1740 Vs.
1864 1700 1904 1740 7.
1935 1697 2054 1749 τυρὸς

340 1765 505 1816 χλωρός,
538 1767 562 1805 i.
582 1777 618 1805 e.
647 1764 667 1804 ὁ
698 1765 783 1813 νέος
809 1766 875 1806 καὶ
902 1768 1151 1819 πρόσφατος,
1177 1770 1417 1820 interprete
1446 1769 1693 1819 Phrynicho
1709 1767 1843 1808 Bekk.
1860 1777 1901 1818 p.
1921 1767 1991 1816 73,
2010 1767 2051 1807 3.

342 1834 403 1873 Bl.
451 1834 524 1874 cft.
573 1834 698 1874 Alex.
733 1835 795 1874 111
827 1837 927 1886 462,
965 1838 1017 1876 12
1051 1838 1104 1877 M.
1142 1860 1194 1866 —-
1230 1838 1301 1878 Vs.
1345 1840 1384 1878 9.
1428 1838 1562 1877 Recte
1594 1835 1761 1887 κνηστός
1792 1845 1868 1886 pro
1904 1833 2053 1887 πηκτός

344 1901 623 1941 Halbertsma
655 1912 711 1941 ex
742 1903 943 1944 Eustath.
979 1915 1019 1954 p.
1053 1906 1154 1956 872,
1193 1906 1259 1945 11.

284 1969 350 2008 Fr.
390 1970 484 2018 134,
523 1971 540 2008 1
586 1969 701 2009 male
743 1967 861 2009 ταῦθ’
903 1982 980 2022 pro
1022 1969 1134 2012 τοῦθ’
1170 1976 1244 2019 (sc.
1271 1972 1334 2020 Ιὲν)
1366 1973 1432 2013 Bl.
1468 1995 1520 2002 —
1554 1972 1629 2013 Vs.
1663 1972 1703 2012 5.
1737 1971 1860 2012 Idem
1889 1980 2051 2011 sanum

341 2037 616 2085 participium
663 2043 854 2087 παροῦσι,
900 2040 926 2079 i.
959 2050 996 2080 e.
1039 2040 1258 2091 convivis,
1307 2039 1578 2080 confidenter
1623 2040 1667 2079 in
1707 2043 1847 2078 πιοῦσι
1884 2039 2050 2088 mutat,

340 2104 450 2153 quod
489 2104 650 2144 saltem
684 2106 845 2145 πίνουσι
877 2107 1004 2156 (quod
1037 2110 1232 2148 metrum
1265 2119 1351 2148 non
1383 2108 1482 2155 fert)
1513 2117 1671 2148 sonare
1702 2106 1903 2157 debebat.

170 2198 180 2219 2
215 2182 219 2241 ξ
284 2171 350 2211 rr.
388 2163 483 2222 131.
518 2173 557 2212 2.
600 2172 663 2214 cr.
695 2174 829 2214 etiam
862 2175 935 2215 Ar.
969 2176 1043 2225 sq.
1077 2177 1164 2216 944
1196 2186 1260 2226 sq.
1296 2198 1350 2205 -
1383 2176 1458 2216 vs.
1493 2177 1534 2216 3.
1567 2177 1811 2228 μειαηροος
1838 2163 2051 2225 'exspecto

339 2250 439 2279 cum
472 2240 556 2288 Bl.,
589 2240 662 2289 qui
694 2241 767 2280 eft.
802 2242 993 2283 Polioch.
1026 2243 1086 2283 IV
1119 2245 1206 2284 590
1238 2246 1433 2297 μελαγχρῆ
1464 2244 1606 2295 μᾶζαν.

283 2307 348 2346 Fr.
387 2308 482 2356 137,
520 2309 556 2348 1.
590 2308 652 2348 Bl.
696 2306 848 2358 τράπεζ’
893 2308 1095 2366 ἀφῃρέθη·
1128 2310 1224 2362 μετὰ
1254 2316 1378 2351 ταῦτα
1410 2311 1622 2363 δαίμονος,
1650 2311 1801 2361 spreta
1830 2309 1952 2350 Omni
1980 2308 2050 2350 lit·

343 2376 537 2415 terarum
571 2376 872 2417 similitudine.

285 2440 347 2479 Fr.
386 2442 481 2481 188.
557 2446 727 2493 κεστρεῖς
759 2442 877 2495 ἔχων,
907 2440 986 2483 ἀλλ’
1021 2444 1071 2485 οὗ
1103 2446 1360 2498 στρατιώτας,
1391 2446 1598 2499 τυγχάνεις
1627 2444 1634 2498 Ι
1660 2444 1827 2496 νήστεις.

340 2508 463 2549 Dicta
505 2511 611 2550 haec
652 2511 855 2552 videntur
885 2512 939 2552 ad
972 2513 1127 2554 ducem
1162 2515 1310 2554 nescio
1340 2525 1471 2564 quem
1506 2512 1707 2567 (ξεναγόν,
1736 2515 1785 2553 ut
1816 2511 2048 2562 suspicor),

337 2577 409 2623 qui
443 2588 518 2626 pro
550 2578 766 2619 militibus
798 2580 907 2620 bene
938 2582 1119 2621 nutritis
1151 2584 1196 2622 et
1227 2582 1427 2622 honestis
1457 2582 1686 2622 famelicos
1717 2581 1898 2630 ideoque
1928 2588 2047 2630 rapa·

339 2654 412 2682 ces
464 2645 785 2695 dissolutosque
840 2648 1044 2698 ducebat,
1104 2649 1477 2698 quemadmodum
1526 2649 1638 2699 apud
1679 2646 2049 2698 Shakespearium

341 2711 531 2751 Falstaff.
583 2712 753 2753 Cadunt
799 2715 905 2754 talia
952 2716 994 2754 in
1042 2716 1354 2756 diadochorum
1407 2719 1620 2766 tempora.
1677 2716 1830 2756 Moneo
1875 2716 2050 2766 propter

340 2778 570 2828 Kockium,
604 2781 675 2829 qui
712 2791 916 2831 „prorsus
949 2782 1214 2823 obscurum”
1249 2785 1375 2823 vocat
1406 2784 1722 2833 fragmentum.

283 2845 347 2883 Fr.
388 2847 481 2895 140,
510 2848 549 2886 3.
586 2848 797 2888 Headlam
831 2849 1009 2899 μαλακὰς
1041 2846 1202 2902 σφόδρ’;
1236 2852 1277 2889 Β.
1303 2849 1441 2898 ἀδεῶς·
1475 2866 1513 2901 μ.
1545 2865 1610 2901 πρ.
1643 2847 1686 2890 δὲ
1718 2850 1783 2890 δεῖ
1808 2849 1877 2890 vel
1910 2845 1947 2888 δ’
1981 2847 2046 2894 ἔα,

340 2916 387 2951 ut
428 2917 528 2953 ante
577 2915 682 2954 haec
730 2926 793 2956 vs.
837 2917 1016 2967 elapsus
1056 2919 1134 2968 sit,
1177 2919 1301 2959 cuius
1332 2919 1603 2959 sententiam
1637 2918 1848 2958 indicavit
1879 2916 2047 2958 verbis:

345 2982 463 3028 „And
509 2982 605 3021 bow
648 2983 701 3022 do
743 2995 827 3032 you
870 2985 951 3025 feel
984 2987 1176 3027 towards
1213 2989 1347 3040 λαγῷα
1378 2987 1462 3027 and
1495 2986 1690 3037 κίχλαςῬ”
1722 2985 1819 3026 coll.
1851 2984 2049 3025 Platonis

340 3048 388 3086 fr.
443 3049 534 3097 174,
570 3050 595 3088 8
639 3060 722 3099 sq.,
772 3051 970 3092 Alexidis
1018 3054 1115 3103 168,
1150 3056 1199 3102 5;
1249 3053 1473 3094 Menandri
1518 3054 1619 3103 518,
1667 3054 1733 3102 13,
1770 3054 1843 3102 16,
1887 3052 2046 3093 Athen.

340 3125 376 3162 p.
411 3116 494 3154 357
522 3117 578 3164 ΡΧ,
611 3128 722 3165 quae
752 3121 1039 3169 sagacissime
1071 3122 1324 3171 excogitata
1353 3124 1472 3162 sunt.
1505 3121 1599 3160 vid.
1634 3121 1779 3171 ipsum
1811 3119 2046 3171 Athenaei,

340 3183 408 3221 ubi
460 3184 538 3223 hoc
586 3185 635 3224 fr.
683 3187 876 3238 affertur,
925 3189 1084 3230 locum.
1119 3212 1170 3218 —
1208 3189 1281 3230 Vs.
1319 3192 1346 3230 4
1383 3200 1447 3239 sq.
1491 3190 1555 3229 Bl.
1603 3190 1868 3229 continuans
1913 3186 2047 3228 verba

337 3265 374 3298 μ.
404 3247 438 3288 δ’
471 3250 510 3289 εἴ
530 3266 585 3298 τις
607 3252 825 3304 προσφέροι
842 3254 905 3294 σοὶ
932 3257 1064 3306 priori
1088 3266 1319 3307 personae:
1348 3257 1510 3310 τρώγοις
1541 3254 1635 3308 ἃνῆ
1661 3255 1668 3307 Ι
1696 3255 1795 3311 (ῥύη
1822 3256 1863 3294 Β·
1881 3253 2045 3294 ’‘⁴2⁸⁰“-
