2216 3522
826 1009 1294 1065 PRAEFATIO.

264 1357 501 1397 Poetarum
545 1354 816 1403 fragmenta,
865 1363 917 1392 ea
961 1352 1220 1402 praesertim
1268 1362 1379 1401 quae
1425 1363 1451 1392 a
1496 1353 1608 1392 seris
1653 1351 1939 1401 scriptoribus

176 1438 566 1490 grammaticisque
607 1446 738 1486 saepe
769 1446 793 1477 e
823 1437 1076 1486 depravatis
1116 1437 1205 1476 iam
1236 1436 1433 1477 fontibus
1463 1436 1592 1476 nobis
1622 1436 1786 1476 tradita
1815 1437 1938 1485 sunt,

178 1523 235 1565 ad
280 1522 639 1572 corruptissimas
675 1520 839 1570 ingenii
885 1520 1038 1560 Graeci
1081 1519 1308 1569 relliquias
1353 1520 1572 1570 pertinere
1612 1520 1787 1559 constat
1823 1519 1940 1558 inter

180 1615 348 1648 omnes.
374 1605 436 1645 Ut
462 1606 613 1645 autem
638 1603 776 1644 ardua
801 1603 952 1642 omnia
978 1602 1193 1652 impigros
1216 1602 1428 1642 mortales
1452 1612 1556 1652 prae
1582 1602 1740 1642 ceteris
1766 1601 1941 1642 allicere

177 1689 342 1740 solent,
385 1689 448 1728 ita
488 1688 589 1728 inde
631 1697 657 1726 a
695 1686 864 1727 renatis
900 1695 1038 1734 paene
1068 1685 1230 1725 litteris
1260 1686 1482 1726 innumeri
1513 1686 1675 1736 critici,
1707 1686 1752 1725 in
1783 1685 1940 1734 quibus

178 1783 356 1813 summa
396 1771 589 1822 ingenia,
631 1771 702 1810 his
740 1770 1003 1819 fragmentis
1045 1770 1330 1809 emendandis
1371 1772 1416 1810 et
1455 1770 1730 1810 illustrandis
1762 1780 1939 1820 operam

178 1857 401 1897 navarunt
440 1855 696 1905 plurimam,
739 1857 787 1894 at
826 1854 896 1894 vel
936 1855 1001 1894 sic
1040 1856 1192 1894 tamen
1233 1854 1361 1904 longe
1402 1855 1543 1905 abest,
1586 1856 1635 1894 ut
1674 1854 1802 1894 hodie
1832 1854 1938 1893 nihil

180 1940 399 1990 agendum
430 1939 635 1989 supersit.

266 2015 492 2065 Nusquam
539 2025 644 2055 vero
686 2025 759 2054 ars
800 2015 952 2055 critica
993 2014 1302 2054 coniecturalis
1342 2013 1557 2054 difficilior
1596 2015 1663 2054 est
1706 2015 1750 2052 et
1788 2023 1935 2062 saepe,

177 2100 396 2150 imprimis
435 2099 479 2139 in
521 2098 628 2139 locis
667 2099 938 2139 brevioribus
977 2098 1195 2148 incertior,
1239 2108 1339 2138 cum
1370 2098 1630 2148 praesertim
1661 2096 1942 2147 grammatici

177 2194 308 2235 saepe
364 2183 593 2233 vocabula,
651 2192 836 2231 quorum
894 2191 1027 2221 causa
1081 2182 1313 2231 poetarum
1372 2180 1502 2221 verba
1556 2180 1762 2228 afferunt,
1813 2178 1939 2218 unice

176 2269 385 2309 curantes
429 2277 516 2307 non
562 2266 759 2316 integras
805 2266 945 2306 citent
984 2265 1249 2314 sententias,
1292 2265 1355 2304 ita
1394 2266 1444 2304 ut
1482 2264 1584 2313 quid
1625 2264 1700 2302 aut
1731 2261 1784 2301 ab
1815 2262 1940 2300 initio

178 2353 256 2392 aut
286 2361 313 2391 a
341 2349 428 2391 fine
458 2350 523 2389 illi
553 2349 750 2389 dederint
790 2349 1042 2398 ignoremus
1079 2357 1218 2396 neque
1249 2348 1456 2396 indagare
1486 2346 1708 2396 possimus
1738 2343 1939 2393 amplius.

180 2434 341 2485 Quare,
382 2434 422 2474 si
452 2443 659 2483 usquam,
702 2442 881 2472 summa
911 2432 980 2471 hic
1012 2441 1120 2480 opus
1150 2433 1219 2471 est
1250 2431 1422 2470 cantela
1454 2431 1499 2470 et
1528 2427 1939 2477 circumspectione3

179 2517 292 2567 quod
317 2526 405 2557 non
431 2517 542 2556 satis
568 2517 823 2566 reputantes
838 2515 955 2554 haud
972 2525 1070 2555 raro
1096 2515 1234 2554 critici
1251 2515 1387 2554 etiam
1406 2524 1480 2554 eos
1494 2514 1614 2554 locos
1631 2512 1939 2559 sollicitarunt,

178 2600 232 2640 de
262 2599 421 2649 quibus
450 2609 558 2640 num
589 2608 744 2639 revera
775 2598 967 2648 corrupti
996 2598 1087 2637 sint
1117 2597 1170 2637 ob
1202 2607 1300 2637 eam
1332 2607 1513 2636 causam
1544 2596 1728 2635 minime
1753 2595 1939 2634 constat.

269 2682 335 2722 Ex
366 2693 450 2732 quo
481 2683 631 2722 autem
656 2683 854 2731 tempore
877 2681 1142 2721 Tnnononus
1169 2681 1292 2721 Kocx
1319 2682 1417 2730 post
1442 2680 1713 2730 praeclarum
1741 2679 1939 2718 Auens'rr

180 2766 393 2806 Mmm1
423 2775 533 2816 opus
563 2775 728 2805 novam
759 2775 887 2805 suam
931 2764 1279 2805 Comicorum
1312 2764 1635 2804 Atticorum
1667 2763 1938 2811 fragmen-

179 2849 362 2890 torum
404 2848 644 2889 editionem
687 2848 897 2899 absolvit,
930 2859 1018 2888 non
1049 2849 1194 2888 solum
1227 2849 1381 2897 ingens
1412 2848 1536 2897 copia
1566 2856 1779 2887 novarum
1811 2846 1941 2884 inter-

179 2932 502 2983 pretationum,
536 2932 906 2983 illustrationum,
949 2932 1326 2981 emendationum,
1369 2932 1717 2971 coniecturarum
1755 2940 1781 2969 a
1814 2929 1940 2978 pluri-

180 3016 268 3056 mis
321 3016 504 3056 eruditis
559 3016 809 3065 excogitata
860 3017 948 3066 est,
994 3016 1071 3055 sed
1116 3016 1252 3055 etiam
1298 3025 1321 3054 e
1367 3014 1560 3054 fontibus
1604 3012 1937 3061 diversissimis,

181 3099 399 3150 imprimis
436 3101 710 3151 papyraceis,
748 3102 969 3150 protracta
1007 3102 1076 3140 est
1116 3100 1308 3149 locuples
1349 3108 1561 3138 novorum
1594 3097 1939 3146 fragmentorum

182 3192 327 3235 segeS,
375 3185 440 3224 ita
478 3187 528 3224 ut
567 3185 727 3225 merito
767 3184 857 3224 iam
896 3184 1165 3224 desideretur
1206 3182 1258 3222 ab
1300 3181 1504 3222 omnibus
1543 3190 1696 3220 musae
1746 3179 1939 3218 comicae
