2216 3522
1031 209 1114 248 105

250 328 470 380 οῧβδομος,
501 332 546 370 et
576 342 640 372 vs.
678 333 732 371 10
762 331 908 382 μανίας
939 329 975 371 δ’
1013 330 1034 371 ὁ
1067 331 1241 379 δέκατος.
1275 354 1328 361 —-
1361 332 1434 371 VS.
1473 332 1540 371 10.
1567 331 1726 381 βάλλειν
1757 330 1949 370 defendit

249 397 383 446 idem,
419 407 497 437 nec
522 399 615 447 ipse
645 400 941 449 sollicitarim,
975 400 1062 439 nisi
1091 400 1203 439 forte
1230 399 1561 448 praeferendum
1587 396 1822 449 κάκβάλλειν
1848 408 1947 437 cum

250 463 477 506 Meinekio.
508 465 697 506 Jacobsii
729 469 982 508 coniectura
1005 469 1162 507 nititur
1186 467 1300 507 falsa
1320 467 1681 516 interpretatione
1703 465 1822 505 verbi
1853 464 1950 503 ὑπο-

249 531 436 579 σκελίζειν
467 535 523 579 (v.
555 534 622 573 12.
656 533 718 574 of.
751 535 906 584 Kock),
941 546 1021 575 nec
1051 535 1383 586 Hermanniana
1412 533 1654 585 βαμβάλλειν
1685 534 1839 582 aptum
1866 534 1948 571 est.

248 599 500 648 Requiritur
554 611 788 650 supremus
839 603 1075 643 violentiae
1131 602 1312 652 gradus,
1359 603 1410 641 ut
1464 601 1635 641 dicatur
1690 602 1820 649 potus
1877 601 1953 639 aut

250 668 448 708 conicere
480 669 781 718 quodcumque
806 670 852 709 in
877 670 1093 710 sodalium
1120 670 1264 719 capita
1288 669 1476 719 (βάλλειν)
1508 671 1585 708 aut
1615 669 1679 708 ita
1708 677 1756 707 se
1782 677 1949 716 gerere,

250 737 301 775 ut
344 735 464 775 foras
505 736 806 776 exturbandus
851 738 911 777 sit
957 736 1204 788 (ἐκβάλλειν).
1264 737 1420 776 Utrum
1470 736 1626 776 horum
1674 745 1827 774 verum
1873 734 1951 783 sit,

249 803 410 853 pendet
449 814 506 843 ex
541 804 723 853 ancipiti
761 805 1074 845 aestimatione
1104 806 1342 845 lectionum
1375 804 1593 844 Athenaei
1622 801 1689 842 καὶ
1719 802 1879 854 βάλλειν
1910 803 1954 841 et

251 870 411 910 Suidae
442 869 656 920 ἐκβάλλειν.

191 938 260 979 Fr.
292 939 362 988 95,
382 939 407 978 2
440 939 504 979 Β1.
537 940 711 989 supplet
747 939 841 991 <μὴ
876 938 1122 980 θυέτωσαν>
1152 935 1250 990 αἷμα
1275 938 1349 979 κτὲ.
1378 939 1534 986 (deleto
1561 939 1642 989 μή),
1672 948 1782 987 quae
1809 937 1952 976 forma

250 1005 525 1046 hellenistica
549 1017 626 1056 pro
652 1006 841 1046 θυόντων
868 1007 954 1047 iam
982 1007 1184 1057 profligat
1211 1008 1524 1047 coniecturam.
1556 1028 1606 1033 —
1633 1006 1707 1045 Vs.
1742 1006 1781 1044 3.
1816 1003 1952 1043 Multa

250 1073 460 1113 ariolatur
490 1073 554 1112 Bl.
597 1084 637 1123 p.
676 1075 771 1124 132,
814 1075 1036 1124 probabile
1067 1075 1195 1124 nihil,
1234 1077 1278 1114 et
1313 1074 1467 1113 lubens
1499 1076 1688 1113 retracto
1720 1082 1829 1121 quae
1859 1072 1952 1120 ipse

249 1141 454 1190 proposui
494 1141 651 1181 Mnem.
694 1152 794 1182 nov.
836 1142 895 1182 VI
927 1144 997 1192 68,
1039 1153 1118 1182 nec
1160 1142 1379 1192 persuasit
1419 1141 1528 1180 mihi
1569 1141 1710 1189 Kock,
1743 1141 1787 1178 in
1829 1139 1952 1178 cuius

251 1207 502 1248 coniectura
542 1210 586 1248 et
630 1209 717 1249 alia
756 1210 866 1249 mihi
906 1210 1138 1259 displicent
1178 1212 1222 1249 et
1253 1211 1431 1249 servata
1459 1209 1503 1247 in
1536 1218 1602 1247 vs.
1635 1209 1662 1247 4
1694 1208 1837 1247 forma
1865 1217 1952 1246 non

251 1275 387 1315 attica
412 1275 577 1327 γλύκιον
603 1287 681 1326 pro
706 1277 956 1328 γλυκύτερον.
983 1278 1128 1317 Etiam
1155 1277 1359 1326 Polyzelo
1385 1276 1427 1315 II
1454 1276 1539 1315 872
1564 1276 1589 1314 2
1607 1275 1660 1315 M.
1687 1274 1954 1314 reddendum

251 1338 330 1381 ἀλλ’
358 1341 407 1382 οὗ
438 1342 637 1395 πραότερα
667 1343 714 1382 τὰ
746 1342 958 1397 φθέγματα
988 1343 995 1394 Ι
1021 1342 1117 1384 οὐδὲ
1147 1345 1364 1397 γλυκύτερα
1396 1354 1473 1393 pro
1503 1344 1704 1395 γλυκίονα.
1731 1342 1951 1391 Pr0p0n0:

547 1408 642 1461 μήθ’
678 1406 776 1462 αἷμα
813 1411 1041 1452 <δόντων>
1077 1411 1172 1463 μήτε
1202 1411 1373 1463 καρδίαν
1405 1409 1509 1461 ἐμοί,

546 1477 600 1529 μὴ
631 1479 771 1518 κύστιν
801 1478 828 1532 ἢ
853 1476 1099 1519 'mandamur
1133 1478 1181 1518 οὐ
1212 1477 1287 1532 γὰρ
1319 1477 1443 1518 ἐσθίω

546 1545 609 1597 ἥδ
618 1561 701 1586 ιον
733 1544 853 1587 οὐδὲν
884 1547 1041 1598 μηρίων
1072 1545 1147 1599 ἐγώ
1177 1560 1282 1586 ποτε.

238 1609 400 1660 ”Ηδιον,
425 1613 452 1652 i.
479 1623 516 1653 e.
548 1615 763 1664 potius,
797 1625 883 1655 non
909 1615 1186 1655 intellectum
1218 1615 1386 1665 peperit
1414 1614 1636 1663 glossema
1664 1613 1838 1665 γλύκιον.

192 1679 261 1719 Fr.
295 1681 367 1720 96.
400 1679 462 1720 Cf.
489 1682 542 1727 (si
567 1683 681 1722 tanti
709 1684 791 1729 est)
817 1683 882 1723 Β1.
909 1683 937 1723 l.
966 1683 995 1723 1.

191 1747 260 1788 Fr.
301 1748 372 1798 98,
419 1750 456 1789 1.
503 1749 691 1805 ψιμυθίῳ
731 1750 799 1796 (cf.
843 1761 906 1790 vs.
951 1751 991 1797 8)
1033 1760 1210 1790 mecum
1250 1749 1433 1798 requirit
1471 1749 1587 1788 idem
1628 1751 1674 1788 et
1715 1748 1790 1787 vix
1835 1749 1952 1787 recte

248 1814 639 1867 καταπεπλασμέναι,
663 1827 768 1857 nam
796 1818 849 1857 de
874 1818 1090 1857 industria
1115 1817 1178 1856 rei
1204 1817 1428 1866 augendae
1445 1826 1577 1856 causa
1591 1813 1953 1867 περιπεπλασμέναι

251 1882 424 1923 dedisse
465 1883 638 1924 videtur
678 1887 825 1935 poeta,
868 1887 913 1925 et
953 1885 1103 1935 procul
1144 1885 1274 1924 dubio
1314 1884 1426 1924 falso
1468 1883 1714 1938 συκαμινίνῳ
1755 1882 1955 1935 γνάθους,

249 1950 392 1990 deleto
421 1952 668 1992 necessario
701 1952 903 2003 articulo,
939 1953 1034 1992 coll.
1067 1952 1159 1992 scil.
1188 1952 1333 1991 Sotad.
1363 1952 1427 1990 III
1459 1952 1558 2001 585,
1591 1951 1665 1990 ubi
1692 1949 1954 2000 συκαμίνινον

251 2020 424 2068 (τρῖμμα)
456 2021 526 2058 est
557 2019 839 2060 adiectivum.

193 2085 262 2125 Fr.
295 2086 366 2135 99,
385 2086 424 2126 3.
452 2086 574 2126 Kock
602 2097 658 2126 ex
683 2088 928 2127 Hermanni
955 2088 1205 2127 coniectura
1231 2088 1349 2126 dedit
1379 2087 1426 2125 τά
1451 2082 1481 2138 γ’
1511 2084 1608 2124 ἄλλα
1636 2096 1712 2135 pro
1738 2083 1876 2133 τᾶλλα,
1907 2086 1953 2125 at

250 2153 479 2202 particulis
509 2152 553 2192 δέ
591 2168 635 2206 γε
675 2156 751 2194 vix
792 2156 914 2194 locus
956 2165 1053 2194 esse
1096 2155 1267 2194 videtur
1308 2156 1353 2194 et
1393 2154 1660 2203 gravissima
1699 2153 1953 2192 difficultate

252 2230 304 2260 ea
328 2221 456 2260 lectio
483 2221 670 2270 laborat,
698 2222 812 2270 quod
838 2223 911 2271 qui
934 2223 999 2261 sic
1016 2222 1207 2270 loquitur
1233 2232 1319 2261 non
1352 2232 1557 2271 emere,
1591 2221 1667 2261 sed
1698 2230 1951 2270 poscere,

251 2289 425 2337 propter
453 2298 642 2336 sequens
673 2290 854 2328 verbum
886 2289 1007 2327 πώλει
1033 2289 1218 2338 videtur,
1253 2299 1353 2328 cum
1386 2291 1536 2327 tamen
1578 2289 1820 2328 ementis
1851 2288 1954 2336 quin

253 2354 386 2394 verba
425 2356 518 2394 sint
558 2356 633 2395 vix
674 2358 814 2406 possit
853 2356 1055 2396 dubitari.
1087 2357 1321 2406 Propterea
1352 2356 1487 2405 igitur
1526 2356 1707 2405 legerim
1749 2353 1954 2394 ἄλλοισι

254 2421 377 2460 πώλει
406 2420 481 2461 κτὲ.

197 2489 264 2528 Fr.
302 2490 397 2529 100.
429 2487 691 2539 τᾶλαβάστιον
722 2492 876 2531 malim
908 2503 1009 2532 cum
1040 2492 1119 2542 Β1.,
1154 2492 1257 2541 quia
1288 2502 1374 2532 uno
1404 2494 1580 2531 tantum
1612 2502 1720 2541 opus
1751 2493 1860 2531 erat.

197 2556 264 2597 Fr.
301 2558 396 2597 101.
438 2556 580 2609 νήττης
619 2569 696 2608 pro
736 2558 872 2611 ψυχὴν
907 2560 1002 2605 (Β1.)
1044 2570 1200 2609 parum
1232 2559 1453 2608 probabile
1485 2560 1643 2599 vitium
1680 2561 1761 2599 est.
1800 2558 1954 2598 Melius

257 2626 374 2664 certe
407 2626 687 2666 coniecisset:

1323 2692 1358 2732 εἰ
1387 2691 1440 2743 μὴ

555 2762 784 2810 <μᾶλλον>
820 2760 870 2800 σὺ
901 2759 1020 2812 χηνὸς
1052 2755 1160 2812 ἧπαρ
1192 2758 1218 2811 ἢ
1248 2758 1384 2811 ψυχὴν
1416 2758 1525 2811 ἔχεις.

257 2825 338 2864 Sed
370 2826 477 2865 nihil
508 2837 670 2867 novare
701 2831 770 2867 est
799 2828 954 2868 satius.

197 2892 265 2932 Fr.
301 2893 396 2933 102.
430 2894 563 2934 Recte
592 2894 780 2934 fortasse
812 2896 926 2935 idem
959 2894 1095 2948 ψάγδᾳ
1120 2891 1214 2942 ’στι,
1245 2895 1321 2934 sed
1360 2896 1475 2933 iusto
1507 2895 1716 2934 audacius
1748 2893 1952 2946 κεχριμένη

255 2970 332 3009 pro
361 2959 595 3012 λελουμένη,
626 2963 737 3011 quod
771 2962 910 3002 multo
942 2962 1114 3002 facilius
1145 2962 1303 3010 corrigi
1329 2963 1493 3010 potest.
1526 2961 1745 3011 Suspicor:

554 3028 758 3084 Αἰγυπτίῳ
788 3029 925 3083 ψάγδᾳ
952 3025 1028 3067 ’στὶ
1059 3027 1140 3079 τρὶς
1172 3026 1526 3078 ἀληλιμμένη,

255 3095 368 3143 quod
399 3095 543 3145 ipsum
577 3106 692 3135 nunc
722 3097 889 3146 reperio
922 3097 964 3135 in
997 3097 1091 3135 eius
1124 3096 1343 3135 Addendis
1375 3106 1414 3145 p.
1450 3096 1547 3135 334.

198 3161 266 3201 Fr.
304 3162 385 3201 104
416 3163 798 3211 corruptissimum
830 3166 874 3204 et
905 3165 1140 3204 obscurum
1173 3174 1259 3203 non
1286 3165 1480 3212 tangam,
1509 3164 1593 3203 nisi
1621 3164 1732 3212 quod
1761 3174 1824 3203 vs.
1848 3166 1865 3203 1
1888 3174 1950 3212 δᾳ.

257 3229 446 3269 scribam
478 3229 660 3286 δωματίῳ
694 3236 828 3285 <σῷ>
864 3230 1080 3283 στρούθιον
1110 3229 1183 3270 κτὲ.
1216 3230 1342 3280 Vide,
1374 3230 1413 3269 Si
1444 3230 1556 3270 tanti
1587 3232 1672 3280 est,
1706 3230 1770 3270 Β1.
1794 3241 1833 3280 p.
1857 3231 1951 3270 133.
