2216 3522
1119 216 1201 255 116

330 343 494 384 Jacobii
538 343 759 388 Iudicem).
803 340 1052 391 Respondet
1082 341 1229 380 autem
1265 339 1406 380 altera
1436 350 1625 390 persona
1653 340 1692 380 τί
1719 340 1795 394 γάρ
1825 351 1867 381 σε
1897 335 2040 381 κωλύει

333 411 441 457 (scil.
483 410 785 462 διαρραγῆναι);
833 418 964 458 quem
1012 408 1157 448 iocum
1205 407 1420 447 Anaxilas
1463 407 1594 448 debet
1638 408 1924 459 Aristophani
1963 408 2038 459 Eq.

334 480 420 519 340
451 489 560 528 sqq.,
604 477 676 518 ubi
717 477 876 517 chorus
918 475 1192 525 Agoracrito,
1235 475 1308 524 qui
1341 474 1488 515 Cleoni
1521 474 1732 516 clamanti
1763 474 1871 527 οἴμοι
1900 473 2039 529 διαρ-

332 546 629 599 ραγήσομαι
676 545 930 594 imprudens
977 543 1264 593 responderat
1308 540 1376 582 καὶ
1421 542 1503 594 μήν
1549 539 1585 582 α’
1636 541 1712 596 ἐγὼ
1757 542 1808 584 οὐ
1853 541 2041 597 παρήσω,

332 613 596 654 succlamat:

567 679 689 730 πάρες
720 678 842 730 πάρες
874 676 973 730 πρὸς
1004 683 1083 717 τῶν
1117 680 1225 717 θεῶν
1257 677 1364 733 αὐτῷ
1397 677 1770 731 διαρραγῆναι.

331 748 449 789 Duos
490 758 644 788 versus
684 748 935 796 sequentes,
979 745 1076 786 coll.
1118 745 1170 785 fr.
1204 745 1275 796 31,
1309 746 1334 785 2
1367 756 1446 796 sq.,
1489 746 1579 786 iam
1610 745 1718 786 olim
1749 746 1902 787 monui
1933 746 1977 786 h.
2008 745 2038 787 l.

330 816 539 856 delendos
570 825 682 855 esse.

275 884 340 923 Fr.
383 885 455 934 33,
501 884 526 923 2
568 885 735 923 temere
776 881 986 921 sollicitat
1028 881 1108 931 BL,
1150 881 1224 930 qui
1258 891 1325 921 vs.
1359 882 1384 920 3
1426 891 1600 922 mecum
1644 881 1752 931 legit
1785 877 2039 934 ἐγκαθή-

331 964 460 1000 μενος.
494 972 547 979 -
580 949 655 989 Vs.
689 951 729 989 4.
774 949 938 989 Sanum
980 949 1156 989 videtur
1192 947 1339 1000 πυρόν,
1377 949 1567 990 tritici
1598 958 1848 998 granum.
1879 948 2039 990 Naberi

331 1019 606 1058 coniecturae
641 1015 761 1067 τυρόν
793 1016 868 1055 vix
901 1016 1012 1055 satis
1043 1025 1284 1066 congruum
1318 1018 1387 1057 est
1417 1014 1544 1068 λέμμα
1574 1026 1640 1057 vs.
1674 1017 1714 1067 2,
1747 1018 1794 1056 et
1822 1015 1924 1066 quid
1953 1015 2039 1057 sibi
2083 1041 2085 1043 -

332 1084 438 1125 velit
464 1084 684 1133 Blaydesii
709 1088 834 1135 γῦρον
859 1082 1007 1130 (κενόν)
1035 1083 1145 1123 mihi
1176 1083 1412 1124 obscurum
1444 1086 1526 1125 est.
1562 1106 1615 1114 —-
1644 1084 1720 1124 Vs.
1749 1085 1789 1124 5.
1816 1080 1838 1123 ὁ
1869 1078 1908 1123 δ’
1941 1080 2039 1123 ἕτε-

329 1166 416 1203 ρος
446 1151 612 1203 παχύς
639 1151 754 1190 idem
781 1151 876 1190 sine
902 1151 1189 1201 necessitate,
1223 1161 1327 1191 nam
1365 1152 1522 1192 dicitur
1557 1152 1741 1197 vermis.
1786 1161 1873 1192 uno
1903 1161 2039 1192 exeso

328 1229 483 1270 grano,
517 1229 666 1259 morsu
694 1220 898 1269 appetere
930 1218 1083 1258 alium.

274 1287 340 1327 Fr.
376 1288 445 1327 35.
975 1329 978 1331 ,
1131 1283 1199 1325 καὶ
1229 1291 1315 1334 πῶς
1345 1285 1468 1339 γυνή,

684 1353 815 1405 ὥσπερ
846 1353 1042 1402 θάλαττα,
1073 1358 1201 1404 νῆσον
1231 1351 1521 1404 ἀμφιέννυται;

328 1422 534 1471 Logicum
568 1422 612 1461 in
645 1422 726 1462 hoc
750 1422 844 1462 ioco
870 1422 1048 1470 vitium,
1077 1422 1190 1470 quod
1218 1422 1410 1462 advertit
1436 1422 1670 1472 editorem,
1699 1424 1855 1471 graece
1878 1420 2040 1462 melius

328 1489 494 1530 celatur
524 1499 656 1538 quam
688 1489 905 1529 celaretur
935 1490 980 1529 in
1012 1489 1176 1539 linguis
1206 1489 1447 1541 hodiernis,
1481 1489 1583 1539 quia
1613 1486 1880 1540 ἀμφιέννυται
1904 1489 2040 1530 simul

328 1557 488 1607 duplici
531 1558 594 1608 vi,
637 1558 817 1607 passiva
857 1559 902 1597 et
944 1557 1106 1607 media,
1150 1557 1361 1608 fungitur.
1403 1557 1582 1597 Θάλαττα
1613 1562 1741 1608 νῆσον
1771 1554 2037 1607 ἀμφιέννυται

329 1626 546 1675 (passive),
588 1624 692 1676 γυνὴ
732 1640 768 1663 ν.
800 1623 836 1664 ἀ.
880 1625 1066 1671 (medie).
1111 1625 1338 1676 Exemplis
1379 1626 1648 1666 comicorum
1690 1625 1732 1665 h.
1774 1625 1803 1666 1.
1842 1625 2041 1666 illustrat

329 1693 392 1733 Bl.
419 1703 514 1743 pag.
548 1694 644 1733 147.
666 1715 718 1721 —-
738 1693 782 1732 E.
802 1693 956 1733 Plauto
982 1693 1306 1742 quadamtenus
1332 1694 1579 1743 comparari
1603 1693 1751 1743 potest
1767 1692 2037 1734 Menaechm.

330 1762 409 1800 231
450 1761 498 1800 R.
533 1762 633 1810 An,
668 1761 831 1810 quasi
863 1771 1039 1811 mare,
1073 1755 1257 1801 omnis
1290 1762 1602 1802 circuimus
1634 1756 1890 1801 insulas?

270 1828 337 1868 Fr.
372 1829 443 1868 36.
684 1826 731 1866 τὰ
762 1825 805 1867 δὲ
837 1824 954 1879 σφύρ’
988 1827 1082 1883 ᾤδει
1113 1830 1263 1879 μᾶλλον
1294 1827 1320 1881 ἢ
1351 1827 1488 1876 σικυὸς
1518 1826 1669 1868 πέπων.

329 1896 552 1935 Incertum
599 1898 666 1935 est
712 1897 861 1935 utrum
903 1895 1012 1936 haec
1053 1896 1187 1936 verba
1225 1897 1278 1936 de
1318 1897 1556 1947 hydropico
1596 1896 1714 1936 dicta
1753 1896 1844 1936 sint
1885 1905 1942 1936 an
1983 1896 2038 1937 de

327 1962 489 2011 Oedipo
531 1962 574 2001 in
618 1963 843 2003 comoedia
884 1962 1072 2003 fabulosi
1112 1964 1384 2014 argumenti,
1428 1965 1479 2003 ut
1518 1963 1755 2003 Anaxilam
1792 1961 1944 2004 Circen
1992 1965 2039 2004 et

327 2029 617 2079 Calypsonem
650 2032 695 2070 et
724 2030 913 2070 fortasse
944 2030 1133 2070 Nereum
1166 2031 1397 2081 scripsisse
1429 2031 1741 2081 comperimus.
1773 2031 1869 2071 Imo
1899 2031 2036 2072 etiam

326 2097 409 2137 dici
456 2099 692 2146 potuerunt
737 2097 789 2137 de
836 2097 1020 2138 muliere
1066 2099 1214 2139 nescio
1256 2109 1341 2148 qua
1385 2098 1618 2138 libidinosa
1663 2099 1840 2148 propter
1878 2099 2035 2139 notum

327 2165 604 2214 proverbium

681 2229 707 2283 ἡ
739 2231 791 2272 τὼ
823 2231 965 2283 σφυρὼ
997 2236 1139 2285 παχεῖα
1170 2232 1316 2285 μισητὴ
1347 2233 1462 2287 γυνή.

327 2299 506 2340 Numeri
538 2310 623 2339 non
654 2300 834 2340 obstant
864 2300 1101 2349 quominus
1132 2302 1425 2352 suspicemur:

680 2366 743 2407 τὼ
775 2364 818 2406 δὲ
850 2367 1117 2423 σφυρῷδει
1151 2367 1225 2408 κτὲ.

326 2441 372 2474 ut
405 2433 667 2490 ἐγῳχόμην
699 2436 772 2475 Ar.
808 2435 918 2476 Eccl.
954 2437 1053 2477 500.
1088 2437 1171 2477 Sed
1204 2437 1395 2478 fortasse
1427 2437 1616 2477 seriores
1646 2435 1785 2476 Attici
1817 2435 1861 2475 in
1891 2434 2036 2476 dualis

325 2513 405 2542 usu
437 2502 615 2543 fuerunt
646 2503 795 2542 minus
826 2503 1061 2553 diligentes
1093 2514 1225 2553 quam
1259 2505 1542 2554 antiquiores.

267 2570 332 2608 Fr.
367 2570 436 2610 38.
467 2565 579 2620 τήνδ’
616 2580 693 2620 pro
724 2568 795 2620 τὴν
828 2580 1004 2610 mecum
1037 2571 1241 2620 Blaydes.

268 2636 332 2676 Fr.
366 2638 436 2676 40.
676 2635 742 2676 καὶ
773 2636 904 2677 πίνειν
936 2635 975 2686 ἐξ
1010 2636 1239 2690 ἀργυρίδων
1270 2644 1439 2690 χρυσῶν.

326 2704 444 2743 Kock
489 2704 703 2754 „fortasse
744 2702 810 2743 καὶ
847 2703 898 2755 δὴ
939 2705 1159 2754 Meineke;
1203 2706 1352 2755 quidni
1388 2703 1455 2745 ml
1487 2707 1605 2746 δεῑῬ”
1639 2706 1809 2746 Addere
1839 2705 2031 2755 possim:

323 2772 470 2819 quidni
508 2769 650 2812 κᾶδειῗ
691 2772 753 2811 Bl.
806 2770 872 2810 καὶ
925 2772 1218 2822 <δια>πίνειν,
1257 2774 1306 2812 ut
1347 2775 1542 2814 metrum
1583 2774 1643 2813 sit
1683 2772 2032 2823 anapaesticum.
2204 2801 2216 2825 ÷

324 2837 437 2877 Certi
472 2839 578 2878 nihil
611 2839 663 2879 de
695 2839 858 2879 talibus
889 2839 972 2879 dici
1004 2842 1164 2890 potest.
2202 2831 2216 2886 Ξ

268 2905 332 2944 rr.
367 2907 435 2944 41.
475 2907 553 2944 BA
587 2907 687 2956 408,
721 2907 748 2946 9
780 2909 826 2947 et
857 2907 1037 2947 suidas:
2204 2902 2216 2932 ·³

559 2971 879 3024 ἇντίκρισις·
913 2972 1002 3013 ἀντὶ
1033 2980 1104 3014 τοῦ
1138 2972 1359 3026 ἀπόκρισις.
1391 2974 1518 3023 οὕτως
1550 2974 1762 3023 Αναξίλας.

324 3039 386 3078 Ex
414 3040 586 3080 Polluce
614 3041 670 3079 IV
703 3042 797 3090 113,
827 3052 955 3091 quem
985 3042 1183 3092 neglexit
1205 3043 1358 3094 editor,
1382 3045 1566 3094 apparet
1587 3043 1657 3093 agi
1681 3042 1733 3082 de
1749 3011 2033 3091 responsione

322 3109 518 3147 actorum
563 3108 605 3146 in
646 3118 796 3158 scena,
842 3119 927 3149 non
970 3110 1116 3150 hercle
1157 3110 1200 3150 in
1246 3110 1337 3151 vita
1376 3111 1647 3160 quotidiana,
1683 3109 1754 3150 ubi
1787 3117 2029 3159 numquam

320 3173 384 3211 sic
429 3174 510 3213 diei
560 3176 714 3223 potuit.
764 3176 872 3215 Rem
921 3177 1009 3216 iam
1057 3187 1144 3217 non
1185 3177 1370 3219 latuisse
1412 3178 1540 3219 video
1580 3179 1626 3218 L.
1669 3173 1940 3216 Dindorflum
1984 3174 2031 3216 in

321 3239 542 3281 Thesauro
573 3253 607 3280 s.
642 3252 696 3289 v.,
729 3244 799 3290 qui
834 3245 985 3283 tamen
1017 3244 1183 3284 erravit
1213 3254 1290 3295 pro
1323 3242 1531 3297 ἀπόκρισις
1560 3244 1784 3294 corrigens
1809 3240 2031 3295 ὑπόκρισις.
