2216 3522
1098 198 1181 239 158

313 327 415 366 dare
456 325 610 375 potuit.
654 325 792 375 Quam
835 325 1132 375 suspicionem
1173 325 1212 365 si
1244 324 1342 374 quis
1375 327 1424 364 ut
1439 324 1556 365 iusto
1587 324 1865 365 audaciorem
1897 334 2019 376 repu-

313 394 517 443 diaverit,
550 393 739 434 fortasse
769 392 967 443 probabit
998 392 1211 433 leniorem
1243 393 1401 432 hance:

506 462 589 513 ῦ-ἰ-
619 457 693 512 μετ’
730 458 890 512 ἄριστον
922 459 997 513 γὰρ
1029 457 1086 508 ἃς
1117 458 1350 513 ἀμυγδαλᾶς
1382 453 1454 506 (ὧν
1485 457 1729 512 ἀμυγδαλῶν
1740 460 1776 506 Ῡ)

507 527 721 582 παρέθηκα
752 526 819 567 καὶ
849 533 927 567 τῶν
958 527 1121 581 ῥοιδίων
1153 526 1386 581 ἐτρώγομεν.

314 599 395 638 Sed
439 600 621 647 utroque
662 596 908 636 tentamine
948 596 1038 636 veri
1078 596 1265 636 similior
1300 596 1412 636 mihi
1443 595 1616 636 videtur
1646 595 1896 635 coniectura
1925 604 2021 645 poe-

315 669 407 706 tam
439 665 693 716 scripsisse:

671 730 946 783 ἀριστίσας
978 730 1053 784 γὰρ
1085 729 1132 779 ἃς
1165 729 1398 784 ἀμυγδαλὰς
1430 729 1506 784 ἐγὼ
1536 728 1611 770 κτὲ.
1918 758 1922 763 -

314 804 380 852 ut,
424 803 600 841 servato
643 799 920 850 pronomine,
964 795 1040 850 μετ’
1076 797 1238 851 ἄριστον
1269 799 1484 840 habeatur
1514 808 1591 849 pro
1633 797 1764 838 huius
1804 796 2022 848 participii

314 869 719 919 interpretamento.
731 897 735 901 -

256 939 321 977 Fr.
360 938 455 977 158.
488 936 720 976 Formulae
751 933 851 974 κατὰ
882 933 1006 986 μονὰς
1039 935 1102 975 Bl.
1135 937 1233 975 octo
1265 935 1393 975 affert
1423 933 1642 984 exempla.

256 1007 323 1046 Fr.
361 1007 457 1055 161,
496 1007 532 1045 1.
574 1009 652 1043 τῶν
689 1002 816 1056 ἔργων
848 1005 968 1044 recte
998 1003 1150 1051 Cobet;
1184 1013 1249 1043 VS.
1285 1004 1309 1043 2
1343 1003 1498 1043 malim
1529 1000 1764 1049 ἀποδείξεις.
1797 1001 2026 1042 Sententia

315 1074 422 1113 haec
468 1074 559 1112 est:
608 1081 731 1111 nam
779 1071 1018 1111 audacia
1059 1071 1318 1112 facinora
1359 1071 1412 1111 in
1454 1069 1868 1111 deliberatione
1909 1069 1951 1116 (i.
1984 1079 2022 1110 e.

314 1141 454 1180 iudice
501 1150 552 1180 eo
598 1139 671 1188 qui
718 1139 770 1178 de
811 1138 866 1178 iis
907 1139 1186 1188 praestandis
1233 1139 1412 1189 cogitat)
1457 1138 1767 1178 difficilem
1814 1137 2025 1178 habent

314 1207 775 1259 praestitionem,
825 1205 1021 1246 difficilia
1066 1209 1173 1247 sunt
1219 1207 1272 1246 ad
1319 1207 1648 1257 praestandum.
1701 1205 1821 1256 Quod
1866 1214 2024 1246 moneo

312 1278 487 1326 propter
512 1273 729 1315 Kockium
757 1274 864 1314 haec
891 1284 979 1314 non
1005 1273 1351 1324 intellegentem.
1372 1297 1425 1302 —
1454 1274 1528 1314 Vs.
1547 1275 1588 1314 4.
1606 1271 1904 1324 τάποσδόκητον
1921 1272 2024 1312 reci·

314 1344 521 1394 piendum
553 1342 690 1382 fuisse
722 1344 839 1382 recte
871 1343 1022 1381 monet
1054 1341 1118 1381 Bl.

256 1413 323 1452 Fr.
361 1413 457 1461 164,
495 1412 531 1450 1.
578 1405 637 1461 ἆρ’
688 1410 1054 1459 interrogativum
1095 1420 1194 1450 esse
1236 1411 1391 1450 monet
1430 1410 1494 1450 Bl.
1538 1410 1753 1460 Perpetuo
1790 1409 1873 1448 hac
1902 1408 1948 1448 in
1979 1417 2027 1448 re

310 1479 473 1519 labitur
504 1478 647 1528 Kock,
682 1487 763 1517 nec
793 1478 947 1527 postea
978 1477 1179 1518 monebo.

256 1547 322 1586 Fr.
360 1547 456 1586 173.
667 1543 721 1597 μὴ
753 1545 1062 1601 καταφρονήσῃς
1094 1551 1173 1585 τῶν
1203 1548 1323 1585 θεῶν·
1355 1543 1398 1584 ἐν
1429 1543 1549 1584 παντὶ
1580 1545 1645 1584 δεῖ

669 1619 795 1668 καιρῷ
827 1611 870 1652 τὸ
902 1612 1061 1652 δίκαιον
1092 1611 1317 1665 ἐπικρατεῖν
1348 1610 1601 1664 ἁπανταχοῦ,

670 1679 738 1720 καὶ
769 1679 839 1720 τὸν
869 1680 1227 1734 παρατυγχάνοντα
1258 1681 1402 1721 τούτου
1433 1686 1522 1721 τοῦ
1554 1678 1743 1732 μέρους

672 1747 774 1800 ἔχειν
805 1748 1001 1801 πρόνοιαν
1032 1748 1171 1789 κοινόν
1203 1747 1283 1788 ἔστι
1314 1755 1365 1804 τῷ
1397 1749 1483 1805 βίῳ.

315 1818 347 1857 Ε
381 1828 444 1857 vs.
478 1818 503 1856 3
537 1827 601 1864 SQ.
649 1817 813 1866 Aptam
855 1817 1006 1866 utique
1049 1817 1319 1857 sententiam
1352 1827 1375 1856 e
1407 1827 1472 1856 vs.
1506 1817 1531 1856 3
1563 1827 1628 1865 sq.
1671 1815 1820 1856 elicuit
1861 1815 2023 1855 hance:

316 1885 436 1925 Kock
479 1885 640 1924 hance:
687 1884 930 1934 „Omnibus
963 1884 1070 1925 utile
1102 1886 1171 1925 est
1204 1895 1340 1925 unum
1372 1894 1611 1934 quemque,
1645 1883 1717 1922 ubi
1749 1882 2025 1923 occasionem

315 1953 607 2001 nanciscatur,
651 1952 772 1991 eius
814 1952 893 1992 rei
931 1962 1082 1992 curam
1114 1953 1309 2002 gerere.‘'
1342 1953 1490 2002 Neque
1521 1952 1707 2001 obnitar,
1741 1950 1871 1991 modo
1900 1948 2009 1990 intel

314 2021 486 2071 legatur
524 2024 641 2058 τοῦτο
683 2019 726 2058 τὸ
767 2018 883 2071 μέρος
915 2031 1002 2060 non
1033 2031 1162 2071 posse
1193 2021 1344 2061 referri
1376 2021 1430 2061 ad
1461 2020 1606 2061 solum
1638 2027 1950 2070 praegressum
1981 2015 2024 2056 τὸ

314 2088 489 2137 δίκαιον,
530 2090 759 2137 propterea
798 2089 912 2137 quod
954 2086 1072 2141 μέρος
1113 2099 1340 2138 nunquam
1371 2099 1526 2139 graece
1557 2086 1780 2138 significat
1808 2096 1914 2137 res,
1947 2085 2023 2126 sed

315 2158 460 2206 potest
489 2155 737 2205 significare
768 2158 812 2196 et
842 2166 974 2206 saepe
1000 2156 1221 2207 significat
1247 2157 1520 2207 singulorum
1552 2157 1746 2206 partes
1776 2155 1871 2195 sive
1903 2152 2024 2194 otri·

315 2225 477 2274 cium,
530 2225 593 2263 ita
630 2226 678 2263 ut
708 2223 987 2264 referendum
1019 2225 1078 2264 sit
1109 2225 1163 2264 ad
1195 2225 1451 2264 universam
1485 2224 1643 2274 agendi
1674 2233 1877 2263 normam
1909 2231 2023 2263 com-

315 2291 570 2331 mendatam
603 2291 646 2330 in
679 2291 964 2351 praegressis.
997 2291 1133 2332 Multo
1164 2293 1316 2332 tamen
1348 2291 1624 2332 commodius
1654 2291 1897 2341 legeretur:

848 2359 993 2399 τούτου
1026 2363 1102 2407 (sc.
1135 2365 1206 2399 τοῦ
1238 2359 1412 2406 δικαίου)
1438 2356 1480 2398 ’ν
1511 2365 1573 2414 τῷ
1605 2357 1750 2411 μέρει

673 2424 773 2477 ἔχειν
805 2426 1020 2478 πρόνοιαν,

314 2505 399 2544 quo
431 2494 644 2544 admisso,
677 2493 814 2534 etiam
852 2494 1012 2535 melius
1044 2497 1336 2545 opponeretur
1367 2494 1506 2534 κοινὸν
1537 2495 1595 2541 (in
1628 2505 1712 2543 quo
1744 2494 1898 2535 haeret
1927 2493 2022 2543 Bm,

315 2562 340 2601 i.
374 2573 410 2602 e.
443 2559 702 2612 κοινωφελές,
733 2562 777 2601 in
808 2562 1109 2611 sequentibus.

258 2631 323 2669 Fr.
362 2630 457 2679 177,
493 2630 532 2668 2.
565 2627 826 2681 κατεφθορὼς
859 2632 978 2670 recte
1012 2630 1243 2671 Headlam.

258 2698 324 2737 Fr.
364 2699 458 2737 182.
491 2697 554 2736 Bl.
587 2696 724 2747 εἴσειμι
750 2696 849 2749 πρὸς
877 2695 1033 2748 ἐκείνην
1065 2682 1241 2749 <mii-J
1272 2695 1357 2748 ἄρτι
1389 2696 1464 2749 γὰρ
1490 2703 1568 2737 νοῶ
1608 2698 1689 2738 Sed
1717 2696 1866 2747 procul
1893 2696 2023 2737 dubio

313 2764 494 2815 πρόσειμι
526 2765 773 2814 requiritur.

258 2833 323 2871 Fr.
363 2833 457 2872 188.
491 2832 630 2871 Plinio
663 2832 962 2873 calabotsn
996 2843 1018 2872 e
1053 2832 1184 2874 Bekk.
1218 2835 1300 2873 An.
1333 2834 1476 2873 reddit
1506 2833 1569 2873 ΒΙ.
1604 2844 1680 2883 pro
1711 2833 1952 2873 coloten.

256 2900 321 2939 l·’r.
361 2901 455 2949 195,
489 2901 527 2939 2.
560 2898 818 2949 ἐκδεδυκόεα,
845 2901 1059 2941 nudum.
1089 2901 1346 2941 Incredibile
1373 2903 1443 2941 est
1470 2900 1534 2941 Bi.
1563 2910 1802 2951 proponere
1830 2900 2024 2951 potuisse

315 2964 615 3016 ἀποδεδρακότα
629 2969 637 3007 !
2002 2981 2008 2987 ’

257 3033 321 3073 Fr.
357 3035 455 3084 201,
490 3038 528 3074 3.
564 3034 626 3074 Bl.
664 3035 865 3086 βροτοῖσιν
897 3034 994 3076 ὁδόν
1027 3037 1142 3078 haud
1173 3047 1281 3078 sane
1313 3037 1484 3077 felicius
1515 3048 1646 3086 quam
1681 3037 1836 3086 reliqui
1868 3036 2022 3078 critici.

260 3101 324 3140 Fr.
359 3103 457 3150 202,
493 3105 532 3141 4.
568 3100 825 3153 ἱδρυμένους,
858 3104 884 3143 i.
912 3115 948 3144 e.
982 3115 1076 3144 eos
1112 3105 1203 3154 qui
1238 3104 1334 3144 deo
1366 3114 1515 3145 aram
1548 3106 1878 3155 sacrarunt,
1906 3103 2023 3144 male

313 3168 540 3209 sollicitari
585 3171 734 3210 monui
777 3171 905 3221 olim,
938 3171 1035 3212 coll.
1080 3172 1304 3212 Menandri
1346 3172 1398 3212 fr.
1434 3173 1534 3222 537,
1571 3174 1595 3212 ἰ)
1628 3183 1692 3222 sq.
1727 3172 2023 3212 Nihilominus

315 3236 399 3285 BL,
433 3238 662 3285 antiquum
690 3238 911 3288 obtinens,
940 3241 1144 3289 proponit
1166 3237 1429 3290 ἱκνουμένους
1459 3240 1525 3279 vel
1552 3239 1842 3290 κακοδαίμονος
1870 3239 1976 3286 (Sic).
