2216 3522
1078 206 1134 246 62

283 336 523 387 genuinum
556 337 643 384 est,
677 344 914 384 agnoscere
946 333 1143 383 cogimur
1173 333 1461 387 Archippum,
1500 335 1596 376 sive
1626 332 1868 387 θεοσεχθρία
1895 334 1993 375 sive

284 403 542 456 θεοισεχθρία
574 403 760 452 dederit,
792 402 837 441 in
868 401 1129 441 alterutram
1161 404 1332 450 partem
1364 413 1584 453 peccasse.

144 472 200 527 Γῇ,
228 474 295 514 Fr.
329 474 382 515 37
393 465 443 527 β
484 477 560 511 νῦν
602 467 638 509 δ’
685 469 865 511 Homeri
900 468 1061 517 schol.;
1094 473 1171 508 νῦν
1202 466 1255 517 ὡς
1288 480 1401 511 unus
1431 471 1498 512 Et.
1531 470 1586 511 M.
1619 469 1776 519 codex;
1809 474 1887 509 νῦν
1916 462 1993 510 οὖν

286 541 375 591 BL,
407 540 484 581 sed
516 539 680 579 rectius
714 536 805 577 νυνὶ
838 533 875 575 δ’
911 536 1041 576 idem.

227 610 332 650 Post
362 609 413 649 fr.
447 608 502 647 42
536 605 839 646 inserendum:

344 675 569 727 κηρίνην
600 671 909 724 θρυαλλίδα.
933 669 1149 723 ’Ἄρχιππος
1176 670 1198 712 δ
1220 673 1414 724 κωμικός,
1438 669 1460 713 ὃ
1487 678 1565 713 νῦν
1595 672 1852 726 κηρίολον
1880 670 1993 723 (scil.

284 742 497 795 λέγουσιν).
530 742 624 781 Vid.
657 740 795 789 (John,
829 739 910 780 Rh.
944 739 1052 779 Mus.
1091 740 1219 790 1888,
1254 741 1357 781 417.

228 813 294 852 Fr.
328 813 398 852 43.
451 815 519 861 τῆς
565 819 651 850 non
693 819 746 848 ex
791 808 958 857 codice,
1007 808 1084 848 sed
1132 818 1155 848 e
1197 808 1451 849 coniectura
1492 808 1660 849 editum
1702 818 1801 849 esse
1843 808 1996 849 monet

287 879 447 919 Nauck.
482 900 535 905 —
570 876 643 916 Vs.
677 877 716 916 2.
750 874 933 926 μηδαμοῖ
958 875 1056 925 lege
1088 886 1188 915 cum
1220 876 1286 916 Bl.

226 947 294 986 Fr.
326 948 397 986 45.
429 942 707 996 προσεμφερὴς
749 942 899 983 Cobeti
940 943 1100 984 Mnem.
1143 953 1247 984 nov.
1279 943 1343 983 111
1379 944 1462 984 162
1505 944 1861 985 emendationem
1897 952 1998 984 esse

284 1012 599 1054 animadvertit
637 1011 801 1051 Nauck.
843 1011 908 1051 Bl.
949 1012 1095 1051 tentat
1136 1011 1578 1063 διακεχλιδηκώς,
1606 1011 1821 1063 θοίμάτιον
1852 1009 1997 1069 ἕλκον,

286 1080 392 1128 ὅπως
420 1079 427 1131 Ι
461 1078 584 1120 <ἂν>
622 1077 796 1130 ἐμφερὴς
826 1078 993 1129 μάλιστα
1024 1078 1121 1132 δόξῃ
1152 1085 1204 1134 τῷ
1234 1078 1372 1131 πατρί,
1402 1077 1478 1119 κτὲ.
1510 1079 1573 1120 ΒΘ
1604 1078 1712 1127 ὅπως
1737 1077 1788 1118 ἂν
1813 1088 1996 1130 prorsus

284 1148 514 1198 assentior,
563 1148 615 1187 de
662 1145 968 1198 διακεχλιδηκώς
1017 1145 1142 1186 valde
1190 1146 1358 1196 dubito,
1412 1147 1516 1196 quia
1562 1147 1699 1187 etiam
1745 1146 1997 1197 Hesychius

283 1218 414 1257 habet
454 1215 627 1265 glossas
667 1213 981 1265 διακεχλ[ο]ιδώς
1011 1215 1056 1254 et
1089 1212 1396 1266 διακεχλιδέναι,
1439 1215 1589 1264 itaque
1624 1215 1773 1265 potius
1803 1213 1994 1255 scribam

285 1295 385 1326 cum
418 1283 580 1324 Kockio
612 1281 761 1333 βαδίζει
780 1312 789 1320 .
807 1311 815 1320 .
833 1311 842 1320 .
870 1280 876 1333 Ι
906 1280 1162 1333 διακεχλιδώς
1199 1292 1334 1334 <τε>,
1363 1282 1581 1334 θοίμάτιον
1611 1280 1687 1322 κτὲ.
1719 1282 1782 1323 De
1807 1282 1997 1333 Singulis

285 1352 508 1394 vocabulis
548 1351 815 1400 scriptorum
856 1349 974 1390 locos
1015 1349 1089 1390 cft.
1121 1349 1206 1400 BL,
1250 1360 1365 1390 nove
1406 1350 1574 1391 dictum
1615 1359 1715 1390 esse
1750 1349 1996 1400 τραυλίζεται

284 1430 360 1470 pro
405 1418 597 1470 τραυλίζει
643 1417 1017 1458 animadvertens.
1065 1417 1272 1458 Formam
1319 1417 1514 1458 mediam
1554 1417 1816 1467 provocavit
1860 1417 1998 1458 metri

284 1488 545 1536 necessitaS,
604 1487 655 1526 ut
700 1494 831 1534 saepe
877 1485 1031 1525 eodem
1077 1486 1261 1535 cogente
1308 1485 1576 1526 alterutrum
1623 1494 1763 1535 genus
1808 1485 1993 1526 admise-

284 1558 388 1595 runt
418 1557 588 1605 poetae.

342 1623 541 1664 Accessit
591 1632 614 1661 e
661 1621 802 1661 lexico
859 1619 1106 1660 Sabbaitico
1160 1631 1199 1670 p.
1249 1621 1288 1671 2,
1338 1621 1395 1661 24
1441 1621 1623 1671 elegans
1668 1621 1993 1671 fragmentum:

284 1689 607 1743 ἁφροδίσιος
638 1694 816 1739 κῆπος.
839 1686 1070 1740 Ἄρχιππος·

699 1751 730 1796 ὦ
762 1755 913 1807 μάκαρ,
943 1752 987 1803 ὃς
1020 1753 1084 1795 ἐπὶ
1114 1756 1423 1808 χλανιδοφόροις

698 1823 854 1876 κόραισι
885 1822 955 1863 τὸν
987 1821 1229 1875 ἀφροδίσιον

696 1897 829 1943 κῆπον
860 1888 1111 1942 ἀποδρέπεις.

227 1964 294 2003 Fr.
327 1963 398 2003 47.
432 1956 627 2012 καθέζωμ]
663 1960 760 2000 sine
794 1969 930 1999 causa
960 1958 1025 1999 Bl.

342 2030 540 2070 Addatur
570 2028 748 2078 Lysippi
779 2027 830 2067 fr.
865 2029 909 2076 9,
943 2026 1017 2066 ubi
1050 2026 1149 2066 vide
1179 2036 1328 2066 meam
1358 2026 1574 2068 notulam.

226 2099 293 2138 Fr.
328 2099 397 2138 52.
444 2098 509 2138 Bl.
548 2097 622 2137 cft.
654 2096 739 2136 BA
771 2095 842 2144 36,
890 2095 943 2133 19
984 2093 1216 2134 διασιλλοῦν
1256 2097 1301 2134 et
1341 2094 1445 2135 Hes.
1487 2094 1707 2146 διεσίλληνε
1738 2096 1786 2135 et
1814 2094 1992 2136 Lucian.

283 2166 389 2206 Lex.
423 2167 493 2206 24.

225 2300 545 2345 Aristomenis
575 2301 626 2341 fr.
661 2301 700 2340 3.
733 2299 798 2340 Bl.
830 2303 932 2349 μισῶ
965 2293 1002 2337 δ’
1038 2296 1113 2350 ἐγώ
1145 2294 1200 2349 σ’,
1230 2299 1400 2348 reliqua
1429 2309 1531 2340 cum
1562 2298 1737 2340 Cobeto.

226 2370 293 2410 Fr.
327 2373 368 2410 4.
401 2369 524 2410 Idem
564 2366 752 2408 ἐντεῦθεν
793 2364 872 2418 ἤδη
913 2376 990 2416 pro
1031 2364 1212 2417 ἐπειδὴ.
1251 2366 1455 2408 Praefero
1487 2367 1642 2408 Kockii
1672 2368 1991 2418 coniecturam,

284 2438 486 2488 quamvis
532 2438 745 2477 incertam
793 2437 838 2474 et
881 2434 1038 2484 ipsam.
1085 2433 1237 2474 Possis
1283 2435 1419 2475 etiam
1460 2433 1570 2474 ἐπεὶ
1602 2432 1655 2475 δὲ
1685 2433 1863 2487 <πρὸς>
1897 2433 1992 2483 τοὺς

283 2505 494 2557 πρυτάνεις
524 2505 822 2555 προσήλθομεν,
846 2501 961 2551 quod
987 2501 1057 2541 vel
1084 2501 1385 2552 praetulerim,
1414 2502 1518 2551 quia
1542 2500 1748 2554 προσιέναι
1775 2512 1876 2543 cum
1900 2511 1989 2543 acc.

284 2584 359 2622 pro
391 2573 477 2612 dat.
511 2572 622 2622 apud
654 2570 773 2611 solos
804 2569 997 2619 tragicos
1027 2579 1254 2610 occurrere
1287 2570 1470 2610 videtur.

226 2641 292 2681 Fr.
326 2643 366 2690 5,
400 2642 439 2681 2.
474 2641 536 2681 Bl.
570 2650 670 2680 cum
704 2638 872 2678 Nabero
905 2632 1061 2676 ἐνθάδ’.
1096 2636 1286 2677 Omnino
1313 2637 1366 2677 cf.
1396 2639 1469 2677 Ar.
1498 2638 1580 2678 Av.
1609 2638 1710 2688 358,
1728 2638 1830 2688 388,
1855 2647 1990 2687 quem

282 2708 427 2748 locum
460 2719 561 2748 eum
593 2717 680 2747 non
713 2704 918 2745 attulisse
949 2703 1101 2743 miror.

226 2776 292 2816 Fr.
326 2779 366 2816 6.
409 2776 574 2817 Iniuria
614 2785 686 2815 me
727 2773 868 2813 iudice
909 2771 1053 2811 haesit
1094 2771 1214 2812 Kock
1256 2775 1459 2822 (eumque
1500 2775 1680 2814 secutus
1715 2763 1801 2823 BL,
1835 2771 1906 2814 vel
1935 2769 1989 2820 ὧς

284 2847 361 2883 aut
391 2844 457 2883 διὰ
489 2846 565 2884 aut
596 2841 649 2890 ὡς
679 2840 795 2892 κρέας
827 2838 928 2886 (vid.
961 2838 1095 2879 etiam
1128 2839 1255 2879 Add.
1280 2849 1320 2889 p.
1338 2840 1439 2885 325)
1472 2850 1712 2890 proponere
1742 2838 1918 2891 ansusi>
1940 2839 1988 2881 in

283 2908 450 2950 ὀστακὸν
486 2908 713 2949 ἁλίπαστον.
754 2906 909 2958 Quidni
936 2905 1055 2945 enim
1097 2916 1226 2946 caro
1257 2911 1580 2958 cancerina,
1613 2906 1728 2947 corio
1759 2908 1987 2958 exempta,

285 2979 404 3018 sole
452 2974 962 3027 conspergeretur?
1018 2973 1132 3013 Num
1179 2973 1306 3014 hodie
1356 2975 1452 3015 sine
1498 2974 1592 3015 sale
1637 2985 1691 3015 ea
1736 2975 1988 3015 vescimur?

283 3046 547 3086 Rectissime
580 3046 711 3095 igitur
742 3043 1016 3091 AthenaeuS,
1050 3041 1162 3090 quod
1195 3043 1326 3091 negat
1351 3041 1435 3093 BL,
1463 3042 1652 3083 scribere
1681 3042 1844 3092 potuit,
1880 3041 1989 3083 haec

284 3113 493 3154 afferens:
527 3111 752 3152 ἁλιπάστων
783 3115 908 3160 κρεῶν
950 3109 1193 3160 μνημονεύει
1227 3130 1280 3138 -
1315 3108 1596 3162 Ἀριστομένης.
1674 3110 1677 3113 ’

343 3181 599 3231 Neglexisse
642 3179 857 3220 Kockium
900 3177 1194 3217 Aristomenis
1218 3171 1447 3228 Ὑλοφόρων
1478 3177 1750 3218 mentionem
1787 3178 1831 3218 in
1862 3177 1987 3228 Equi·

284 3251 378 3288 tum
412 3249 682 3298 Argumento
713 3245 885 3286 monuit
917 3243 981 3284 131.
