2216 3522
1016 250 1044 290 3

207 373 337 414 modo
368 374 533 414 mutari
564 375 749 424 possint,
788 375 873 415 Sed
905 378 1023 415 recte
1054 375 1107 415 fr.
1141 376 1195 415 47
1239 375 1379 426 κλίνην
1409 375 1481 426 τὴν
1511 375 1748 427 παράπυξον
1778 377 1908 417 inter·

207 442 373 492 pretari
404 443 579 482 videtur
610 443 907 483 imitation
940 443 995 482 of
1024 444 1352 483 box-wood.”
1388 437 1391 441 ’

267 509 976 559 MJDion‘yse-lexandrum
1017 511 1207 551 fortasse
1249 512 1441 560 pertinet
1481 511 1646 551 Cratini
1685 513 1756 562 fr.,
1799 514 1912 562 quod

207 587 233 618 e
262 577 404 618 lexico
435 577 710 617 Messanensi
739 578 960 627 prolatum
991 581 1084 618 est:
1125 578 1168 617 τὸ
1199 577 1381 618 εὐκτικὸν
1411 585 1535 632 νικῷ
1567 577 1643 629 ἔχει
1673 579 1716 618 τὸ
1746 589 1772 618 ῑ.
1804 582 1912 631 Κρα-

207 647 316 692 τῖνος
359 646 658 692 Διονύσοις
699 652 798 700 νικῷ
830 643 903 697 μὲν
935 644 956 685 ὅ
987 646 1080 701 τῇδε
1110 645 1207 685 ποδὶ
1237 644 1335 698 λέγω
1366 646 1493 692 (πόλει
1522 644 1647 698 λέγων
1677 647 1816 693 Kock)
1843 646 1914 687 τὸν

205 714 370 767 λῷστον.
402 713 498 753 Vid.
532 714 642 753 Mus.
676 714 816 754 Rhen.
848 724 888 754 a.
925 715 1059 764 1892,
1093 725 1133 763 p.
1168 715 1269 754 406.

146 780 216 820 Fr.
249 781 320 821 49.
368 781 677 831 peringeniose
731 782 1020 822 Eutherford:
1067 781 1134 820 τὸν
1182 780 1392 832 Κερκυόνα
1437 779 1532 828 τέως
1583 780 1914 822 ἐναποπατοῦντα

208 851 310 887 τοῖσι
352 848 598 887 Λάκωσιν
637 847 766 900 εὑρὼν
806 847 1023 899 ἀπέπνιξα,
1067 852 1227 898 putans
1267 849 1482 889 Periclem
1523 850 1587 889 ita
1626 850 1728 900 dici,
1762 851 1837 899 qui
1867 852 1918 890 ut

204 915 422 956 iudicibus
467 916 717 956 mercedem
761 918 936 965 pararet
980 917 1242 956 thesaurum
1288 916 1571 966 perfregisset
1617 917 1729 963 (coll.
1772 918 1916 957 Schol.

206 983 317 1023 Nub.
350 984 451 1029 508)
482 984 534 1023 de
565 983 810 1023 Laconibus
842 985 987 1023 citans
1019 985 1090 1023 Ar.
1126 984 1226 1032 LyS.
1259 984 1359 1023 983.
1398 985 1523 1024 1248.
1563 984 1652 1033 Ego
1686 985 1791 1024 olim
1823 985 1914 1024 vul·

205 1052 311 1100 gata
353 1051 630 1101 explicabam
661 1051 713 1090 de
740 1051 1048 1100 Sybaritarum
1078 1051 1255 1091 luxuria
1279 1061 1366 1090 non
1397 1051 1633 1101 lapidibus,
1675 1054 1726 1091 ut
1756 1052 1918 1102 vulgus

204 1120 412 1169 faciebat,
445 1121 523 1160 sed
548 1121 848 1170 leguminibus
873 1121 1073 1170 podicem
1095 1121 1465 1170 abstergentium,
1494 1119 1571 1159 sed
1596 1120 1699 1168 quid
1723 1119 1915 1168 Cercyon

210 1188 280 1227 hic
319 1188 405 1228 sibi
440 1188 578 1228 vellet
607 1198 695 1227 non
735 1188 859 1237 potui
900 1189 1122 1238 expedire,
1167 1189 1279 1237 quod
1310 1188 1428 1227 idem
1460 1187 1580 1227 valet
1610 1186 1663 1226 de
1694 1186 1917 1236 Blaydesii

207 1255 453 1295 tentamine
483 1251 523 1294 θ’
557 1255 644 1301 (vel
674 1251 730 1300 δ’)
762 1251 891 1293 ἕωθεν
922 1252 1191 1294 ἆποπατοῦντ’
1231 1253 1385 1307 <ἔγὼ>
1418 1252 1423 1305 Ι
1453 1252 1517 1293 ἐπὶ
1541 1257 1624 1301 τοῖς
1651 1254 1917 1302 λασάνοις.

149 1321 219 1362 Fr.
251 1323 323 1362 53.
350 1323 479 1372 Apud
503 1322 744 1362 Zenobium
775 1323 893 1361 recte
923 1322 988 1361 Bl.
1020 1320 1203 1373 ἀκρατῶν
1234 1333 1312 1371 pro
1339 1320 1544 1372 ἀκράτων,
1576 1322 1655 1361 sed
1680 1322 1794 1370 quod
1820 1332 1917 1362 con-

206 1389 312 1429 iecit
341 1389 470 1440 μάτην
501 1400 578 1439 pro
609 1388 735 1440 μόνον
768 1389 834 1435 (fr.
869 1390 939 1435 54)
973 1400 1154 1439 prorsus
1184 1390 1416 1429 incertum.

151 1457 222 1499 Fr.
254 1458 325 1498 55.
365 1457 610 1497 Draconem
652 1457 815 1506 legisse
845 1456 1057 1503 ποδαποὺς
1098 1468 1153 1497 ex
1197 1458 1292 1497 eius
1332 1456 1477 1495 verbis
1514 1457 1633 1495 recte
1655 1456 1919 1496 concludere

210 1524 385 1564 videtur
415 1525 500 1575 BL,
534 1525 607 1573 qui
637 1525 862 1574 proponit:

240 1590 518 1638 ποδαποὺς
550 1589 680 1642 ἡμᾶς
711 1586 814 1630 εἶναι
845 1590 1032 1642 φάσκων,
1063 1586 1094 1630 ὦ
1126 1591 1325 1643 μείρακες,
1356 1589 1431 1630 οὐκ
1462 1587 1514 1628 ἂν
1547 1587 1819 1641 ἁμάρτοις.

210 1659 323 1700 mire
369 1660 601 1700 coniuncto
645 1659 780 1700 verbo
819 1660 866 1699 in
899 1647 1119 1709 ⁴singulari
1160 1670 1261 1700 cum
1291 1658 1452 1708 plurali
1482 1657 1674 1709 μείρακες.
1706 1658 1920 1708 Suspecta

211 1728 364 1768 tamen
394 1727 539 1767 forma
569 1725 772 1779 ἇμάρτοιν.

152 1794 222 1835 Fr.
254 1795 327 1835 56.
537 1794 791 1834 Πανδιονίδαι
820 1794 972 1842 πόλεως
1001 1795 1165 1847 βασιλεῦ

538 1866 607 1913 τῆς
638 1860 982 1913 ἐριβώλακος,
1012 1858 1114 1901 οἷσθ’
1150 1859 1203 1913 ἣν
1234 1859 1412 1913 λέγομεν,
1443 1858 1518 1899 κτέ.

179 1942 181 1944 ·
209 1930 458 1970 Permirum
498 1932 567 1969 est
607 1930 849 1980 epitheton,
894 1931 1101 1979 quoniam
1140 1933 1185 1969 et
1216 1929 1390 1968 aliunde
1422 1931 1466 1968 et
1497 1928 1763 1977 Thucydidis
1794 1930 1915 1969 testi·

207 1998 356 2038 monio
397 1998 592 2038 Atticam
632 1997 853 2049 λεπτόγεων
891 1998 1029 2038 fuisse
1067 1998 1255 2037 constat.
1289 1997 1334 2036 Si
1365 1997 1499 2046 igitur
1529 2006 1639 2035 sana
1666 1998 1735 2035 est
1764 1996 1912 2047 lectio,

208 2066 373 2106 ironice
427 2066 491 2106 ita
531 2067 677 2116 poeta,
719 2066 797 2105 sed
827 2066 1044 2115 frigidius,
1089 2066 1251 2105 dixerit
1290 2075 1470 2105 necesse
1502 2065 1583 2104 est.
1630 2062 1831 2112 Cogitavi
1863 2065 1915 2104 de

210 2133 464 2183 corrigendo
505 2131 815 2184 ἐριώλακος,
855 2133 1246 2182 turbulentae,
1290 2134 1340 2172 ut
1375 2133 1503 2182 poeta
1545 2132 1710 2170 comice
1737 2130 1916 2172 finxerit

209 2198 420 2253 ἐριῶλαξ
451 2201 505 2240 ab
537 2199 678 2251 ἐριώλη
718 2201 773 2240 ad
814 2200 1152 2240 similitudinem
1193 2200 1315 2239 vocis
1347 2197 1549 2250 ἕριβῶλαξ.
1583 2198 1627 2237 Si
1658 2199 1767 2237 nihil
1798 2199 1912 2250 dixi,

155 2273 158 2276 ’
208 2269 320 2309 mihi
349 2269 614 2318 ignoscatur.
649 2268 811 2308 Sumus
843 2269 962 2308 enim
994 2269 1136 2308 critici
1167 2267 1511 2317 suspicacissimi
1541 2266 1811 2306 mortalium.

150 2336 220 2376 Fr.
254 2337 323 2386 58,
344 2337 383 2376 2.
415 2336 585 2376 Dicitur
615 2336 667 2375 de
698 2336 920 2386 Lampone
952 2338 1054 2375 vate

389 2404 528 2455 βρύκει
556 2402 632 2455 γὰρ
663 2402 771 2441 ἅπαν
801 2402 845 2442 τὸ
876 2402 1026 2453 παρόν,
1057 2403 1238 2457 τρίγλῃ
1271 2399 1314 2440 δὲ
1343 2399 1419 2439 κᾶν
1452 2401 1624 2452 μάχοιτο.

208 2471 440 2521 Ingeniose
470 2471 735 2511 Rutherford
770 2470 916 2524 Τρίκκῃ
943 2471 1187 2520 proposuit,
1222 2470 1298 2509 sed
1323 2469 1394 2508 fac
1419 2469 1482 2508 ita
1503 2469 1587 2508 dici
1612 2468 1810 2517 potuisse
1836 2478 1914 2517 pro

209 2542 292 2586 τοῖς
332 2537 375 2578 ἐν
419 2538 567 2593 Τρίκκῃ
597 2529 841 2588 ’Ἀσκληπιοῦ
882 2537 1054 2589 ἱερεῦσιν
1093 2541 1239 2587 („cum
1271 2536 1481 2576 facultate
1513 2535 1711 2575 medica'’
1744 2535 1912 2584 Ruth),

209 2607 404 2647 multum
448 2608 602 2646 tamen
646 2616 802 2646 vereor
845 2616 900 2645 ne
947 2605 1223 2645 coniecturae
1269 2604 1351 2643 hoc
1387 2603 1549 2652 obstet,
1593 2603 1705 2651 quod
1742 2613 1829 2644 non
1860 2603 1914 2641 ad

210 2674 363 2714 urbem
394 2675 440 2713 in
471 2673 598 2713 Pindi
627 2674 794 2712 montis
819 2673 951 2712 sitam
979 2672 1214 2721 radicibus,
1248 2671 1322 2711 sed
1356 2671 1456 2715 (nisi
1488 2670 1705 2715 Piraeum)
1734 2671 1787 2709 ad
1814 2670 1912 2708 vici.

209 2752 315 2782 nam
354 2741 622 2791 Epidaurum
668 2742 786 2790 aegri
833 2740 1127 2781 Athenienses
1177 2750 1226 2779 se
1271 2740 1466 2779 conferre
1512 2737 1726 2777 solebant.
1774 2737 1913 2786 Quare

154 2852 162 2859 ‚
209 2809 463 2849 etiamnunc
493 2808 688 2858 praefero
723 2809 871 2848 minus
901 2808 1174 2858 ingeniosam
1213 2807 1288 2846 sed
1319 2806 1461 2846 multo
1492 2804 1734 2844 faciliorem
1765 2814 1912 2844 meam

211 2877 506 2917 mutationem
540 2875 771 2928 τρίγλης,
810 2876 924 2925 quod
965 2876 1025 2915 sit
1063 2875 1294 2924 genetivus
1336 2873 1487 2923 pretii:
1521 2872 1751 2912 mullum
1782 2881 1912 2911 vero

213 2945 262 2985 si
288 2944 659 2994 proposueris
684 2943 734 2984 ei
759 2943 1094 2994 praemium,
1123 2942 1282 2981 homo
1312 2941 1557 2990 ignavus
1584 2939 1913 2979 voracitate

213 3012 401 3055 victus
432 3011 519 3050 vel
545 3020 794 3061 pugnare
826 3010 1144 3049 sustineat!

153 3079 223 3120 Fr.
257 3081 328 3120 65.
370 3078 548 3127 Requiri
588 3078 701 3127 quod
742 3077 907 3116 habent
938 3076 1134 3115 Iulianus
1165 3077 1207 3114 et
1240 3074 1451 3123 Synesius
1481 3078 1556 3112 νοῦ
1588 3069 1615 3111 τ’
1651 3071 1804 3111 ἐκείνου
1836 3082 1912 3122 pro

214 3144 258 3186 δὲ
321 3146 437 3186 τοῦδε
493 3146 646 3186 monui
711 3146 814 3184 ante
874 3144 957 3194 Bl.,
1017 3143 1375 3183 animadvertens
1436 3141 1628 3190 pessime
1689 3140 1914 3179 concinere

215 3214 355 3262 verba,
379 3219 453 3252 νοῦ
487 3210 530 3252 δὲ
565 3212 719 3252 τοῦδε
756 3210 1011 3263 μεμνημένοι.
1045 3233 1098 3239 -
1132 3210 1194 3249 De
1234 3214 1309 3248 νοῦ
1347 3206 1414 3247 καὶ
1445 3213 1604 3259 φρενῶν
1635 3208 1700 3248 Bl.
1734 3207 1806 3246 eft.
1839 3207 1912 3246 Ar.

215 3281 393 3323 Thesm.
426 3281 526 3321 291.
