2216 3522
1010 247 1063 286 19

153 366 223 406 Fr.
256 366 357 405 240.
390 363 662 416 τραπέμπαλιν
687 364 694 418 Ι
723 362 777 405 ἐπ’
814 364 1026 418 ἀριστερ(ά)
1058 368 1176 407 recte
1207 367 1292 417 BL,
1325 369 1376 407 ut
1406 368 1564 408 dicitur
1595 366 1658 407 ἐπὶ
1690 368 1808 416 δεξιοί.

155 433 224 473 Fr.
267 434 367 473 250.
410 433 566 473 Suidas
604 444 639 473 s.
675 444 716 473 v.
759 439 997 486 στρατηγιᾶν
1042 437 1268 474 auctorem
1315 436 1423 475 citat
1467 436 1720 486 Iosephum,
1767 437 1915 486 itaque

211 501 329 546 male
358 501 611 541 Pherecrati
641 502 796 541 tribuit
826 501 967 552 Kock,
999 503 1049 541 ut
1080 503 1230 542 monet
1262 502 1311 542 O.
1343 502 1535 542 Crusius.

154 634 412 680 'l'eleclidis
446 639 490 688 1,
523 638 564 677 3.
606 638 767 687 Aptius
808 647 941 686 quam
981 635 1129 684 νόσους
1160 647 1258 677 esse
1289 636 1480 684 πόνους
1513 640 1688 688 propter
1719 639 1919 688 opposita

214 701 295 744 ἀλλ’
327 704 531 757 αὐτόματα
565 703 641 744 κτὲ.
673 706 861 745 antehac
891 705 1066 753 monui;
1110 703 1198 751 δέος
1234 707 1351 745 recte
1383 706 1703 754 interpretante
1733 707 1916 756 Kockio,

215 773 431 813 violenter
461 773 699 813 admodum
732 772 797 813 Bl.
830 769 951 814 ,οὐδὲν
978 768 1023 811 δι’
1054 770 1235 824 ἀνάγκην
1262 773 1462 812 coniecit.
1492 796 1544 801 —
1572 773 1648 812 Vs.
1681 775 1721 814 6.
1760 773 1922 828 πίχθύες

214 840 360 880 forma
389 840 554 890 soluta,
597 842 647 879 ut
687 840 733 879 in
774 839 1071 888 anapaestis”.
1114 839 1178 878 Bl.
1211 839 1307 879 Imo
1339 850 1464 890 vero,
1502 842 1552 880 ut
1588 841 1733 881 solent
1769 842 1924 881 comici

216 908 504 958 antiquiores,
547 910 596 947 ut
628 907 740 959 βόες,
775 908 858 947 etc.
892 906 955 947 Cf.
987 907 1191 956 Archipp.
1223 907 1266 946 II
1299 908 1399 950 723.
1437 909 1489 947 14
1526 909 1652 948 Mein.
1687 932 1741 937 —
1773 909 1847 949 Vs.
1882 911 1921 949 9.

213 975 386 1027 τούτων,
411 977 525 1026 quod
550 976 717 1016 Kockio
743 977 813 1015 est
837 986 936 1024 gen.
962 976 1094 1025 part„
1126 975 1252 1014 valde
1277 978 1533 1024 suspectum
1560 979 1648 1025 est;
1676 977 1740 1016 Bl.
1764 977 1924 1016 πάντων

214 1044 397 1093 requirit
428 1046 505 1084 aut
534 1043 710 1093 λάπτειν,
739 1043 853 1092 quod
884 1043 1190 1093 praetulerim,
1225 1045 1301 1082 aut
1331 1049 1465 1082 πᾶσιν.
1485 1067 1535 1072 -
1556 1044 1630 1083 Vs.
1664 1046 1714 1083 11
1747 1043 1797 1084 ἂν
1823 1044 1924 1096 ἐπῆν

215 1123 294 1163 pro
324 1118 458 1164 παρῆν
487 1113 636 1152 nescio
667 1122 724 1152 an
754 1122 859 1152 vere
891 1112 1126 1152 coniecerit
1157 1112 1360 1160 Blaydes.

159 1180 230 1220 Fr.
267 1181 336 1221 10.
1053 1179 1100 1218 τά
1133 1176 1176 1218 δὲ
1207 1179 1360 1231 τήγανα

694 1248 850 1296 σίζοντα
882 1258 946 1287 σοι
978 1247 1202 1298 μολύνεται.

218 1316 426 1366 Proponit
475 1316 597 1356 Kock
639 1315 731 1355 τάν
782 1315 1035 1368 τηγάνοις
1077 1315 1234 1363 σίζοντά
1283 1327 1345 1355 σοι
1401 1315 1706 1366 μελαίνεται
1753 1317 1923 1373 (τηγάνῳ

218 1384 361 1424 Bentl.
393 1386 438 1424 et
468 1385 563 1431 BL).
597 1385 641 1424 Si
670 1386 789 1425 recte
820 1385 1005 1424 coniecit
1034 1382 1107 1422 τάν
1139 1383 1344 1436 τηγάνοις,
1366 1391 1474 1423 ’cum
1506 1384 1720 1425 Lobeckio
1751 1387 1796 1425 et
1827 1386 1923 1425 Mei-

216 1452 345 1492 nekio
376 1452 521 1492 lenius
551 1453 852 1502 rescripserim
884 1452 1165 1502 μωλύεται,
1195 1452 1265 1491 sin
1296 1452 1464 1501 minus,
1504 1463 1604 1491 cum
1636 1453 1701 1492 Bl.

279 1518 326 1558 τὰ
359 1516 402 1558 δὲ
432 1519 600 1571 τηγάνια
631 1516 779 1572 (τήγαν’
814 1513 881 1566 αὖ)
914 1519 1071 1566 σίζοντα
1104 1530 1167 1558 σοι
1199 1519 1440 1569 μελαίνεται,
1472 1530 1533 1559 sc.
1566 1527 1617 1574 τῷ
1643 1518 1813 1576 ἀσβόλῳ,

219 1587 347 1637 quale
389 1587 491 1636 quid
531 1587 685 1627 Kockii
727 1587 978 1627 coniectura
1015 1587 1157 1626 multo
1199 1587 1465 1636 probabilius
1506 1589 1591 1637 est,
1633 1588 1735 1636 quia
1774 1588 1925 1640 τήγανα

219 1655 376 1702 σίζοντα
422 1655 588 1704 optime
633 1655 799 1694 dictum
848 1665 945 1694 esse
991 1655 1148 1694 docent
1194 1655 1409 1703 Magnetis
1447 1655 1498 1694 fr.
1537 1655 1578 1694 ΙΙ
1613 1656 1684 1705 10,
1730 1656 1927 1696 Alexidis

221 1722 274 1762 fr.
311 1722 409 1772 182,
444 1724 485 1772 6,
518 1721 656 1762 clem.
689 1722 757 1762 Al.
790 1722 920 1762 Paed.
952 1722 995 1760 Π
1029 1723 1066 1761 1.

164 1790 234 1831 Fr.
266 1791 333 1840 14,
364 1791 404 1830 2.
433 1790 671 1830 Infeliciter
694 1790 845 1829 Nauck
872 1786 1111 1828 ὁθούνεκ’
1143 1787 1393 1838 ἐστιν,οιιοᾱ
1411 1791 1479 1828 est
1494 1790 1689 1839 tragicae
1706 1792 1922 1832 dictionis.

126 1854 128 1856 ’
221 1858 364 1898 'Peneo
411 1858 523 1907 quod
569 1858 791 1907 proposui,
831 1867 911 1896 nec
943 1867 1027 1901 ,cur
1059 1867 1159 1896 cum
1202 1856 1366 1896 Kockio
1408 1855 1505 1907 ἔχων
1548 1859 1743 1898 mutetur
1774 1860 1817 1898 in
1850 1858 1924 1910 ἔχει

221 1925 347 1965 video
388 1935 582 1978 causam.
624 1925 710 1974 BL,
754 1925 828 1973 qui
869 1924 1059 1974 praefert
1088 1934 1239 1963 meum
1272 1922 1348 1971 ὅτι,
1380 1924 1571 1973 optimae
1603 1924 1754 1965 Cobeti
1785 1927 1922 1966 conie-

221 1995 372 2034 cturae
411 1993 671 2044 βδελύττομαι
711 1992 874 2031 iniuria
914 1992 1142 2040 obmovet‚
1184 1992 1248 2031 ita
1283 1991 1448 2030 τάλαινα
1480 1993 1575 2031 sine
1607 1994 1790 2033 articulo
1821 1996 1922 2034 scri-

220 2062 345 2110 ptum
372 2062 583 2109 oportere.
616 2059 777 2099 Utrum
815 2058 1053 2110 <αἰσχρός>
1090 2057 1214 2108 ἐστιν,
1243 2061 1293 2098 ut
1325 2070 1404 2108 ego
1435 2059 1699 2111 scribebam,
1733 2072 1788 2101 an
1820 2061 1924 2100 ἐστιν

227 2126 482 2179 <αἰσχρὸς>,
511 2128 624 2176 quod
656 2127 778 2166 Kock
809 2127 1012 2176 coniecit,
1046 2137 1201 2166 verum
1233 2127 1310 2176 sit,
1345 2128 1491 2166 dirimi
1522 2128 1686 2176 nequit.

162 2195 229 2235 Fr.
267 2196 334 2235 16.
377 2195 588 2245 Opposuit
627 2194 782 2234 Kockii
813 2195 943 2233 notae
974 2194 1125 2233 Nauck
1157 2194 1251 2234 CIA
1281 2195 1322 2233 Π
1354 2195 1439 2234 977
1473 2205 1511 2234 a.
1545 2196 1592 2245 4,
1627 2195 1699 2234 ubi
1730 2196 1924 2244 tragicus

224 2263 412 2303 occurrit
443 2293 451 2300 .
470 2293 478 2300 .
496 2275 661 2310 .ιππος,
691 2262 718 2301 i.
751 2272 787 2301 e.
824 2261 1089 2308 [Νόθμππος.

163 2330 233 2369 Fr.
265 2330 334 2369 20.
366 2330 520 2369 Kockii
551 2329 703 2368 notula
739 2329 972 2377 Blaydesio
1004 2329 1227 2378 suggessit
1252 2329 1586 2378 improbabilem
1614 2330 1923 2380 coniecturam,

222 2397 559 2446 grammaticum
592 2395 777 2435 Bekkeri
808 2395 1012 2446 διαλαβεῖν
1043 2396 1273 2444 scripsisse
1304 2406 1380 2444 pro
1412 2395 1644 2448 διενεγκεῖν,
1669 2398 1794 2445 quasi
1821 2408 1924 2437 vero

225 2463 352 2504 facile
382 2465 477 2503 tam
524 2463 699 2502 diversa
745 2462 1089 2501 confundantur!

166 2531 234 2571 Fr.
267 2532 336 2571 23.
371 2531 551 2570 Frustra
591 2528 840 2581 ἀνθρώπων,
882 2530 1143 2569 vocabulum
1176 2530 1481 2579 sanissimum,
1515 2531 1578 2569 Bl.
1614 2533 1745 2571 vexat
1768 2532 1922 2581 impro-

225 2598 440 2638 babilibus
470 2598 731 2638 coniecturis
763 2595 983 2648 ἀναπηδῶν
1015 2594 1053 2636 θ’
1091 2597 1160 2637 vel
1193 2596 1308 2649 ἐγγὺς
1340 2593 1441 2636 ὄνθ’.

167 2667 235 2706 Fr.
268 2667 338 2706 35.
381 2666 491 2705 Male
531 2665 596 2705 Bl.
638 2665 694 2712 τίς
725 2664 751 2716 ἥ
777 2679 815 2704 τε
845 2663 999 2716 κραυγὴ
1032 2662 1080 2716 χή
1114 2664 1248 2714 δόμων
1279 2664 1514 2715 περίστασις.
1558 2665 1731 2714 Optime
1763 2664 1829 2704 ὅδε
1860 2667 1924 2705 Sic

225 2734 417 2783 positum
450 2734 570 2772 caret
595 2732 791 2773 articulo.

167 2801 234 2840 Fr.
268 2801 339 2840 37.
371 2800 550 2840 Incaute
582 2800 646 2839 Bl.
679 2810 755 2849 pro
787 2797 843 2838 ὢν
874 2799 1072 2849 postulat
1102 2794 1145 2838 εἴ.
1178 2800 1405 2839 Sententia
1436 2801 1504 2839 est
1536 2800 1806 2848 imperfecta.

166 2867 235 2907 Fr.
263 2868 333 2918 38,
367 2868 406 2907 2.
462 2867 603 2907 Locus
648 2867 841 2907 nondum
887 2868 1090 2916 sanatus,
1139 2867 1323 2906 minime
1369 2867 1530 2906 saltem
1584 2867 1780 2906 eiusdem
1828 2877 1923 2906 con·

225 2935 392 2975 iectura
421 2928 544 2981 αὖθις
576 2944 652 2984 pro
683 2933 834 2982 μάζαις.

166 3001 234 3041 Fr.
267 3002 336 3041 39.
367 3000 574 3041 Dindorfli
615 3002 892 3045 coniecturae
923 3011 1010 3040 non
1042 3000 1376 3050 praeferendum
1408 3000 1520 3049 quod
1552 3002 1753 3050 proponit
1784 3001 1848 3040 Bl.
1882 3001 1925 3039 in

227 3069 519 3108 Addendis
550 3079 590 3118 p.
625 3069 725 3108 288.

167 3135 236 3176 Fr.
269 3137 340 3186 41,
373 3137 414 3175 4.
462 3133 567 3174 ἕκατι
613 3146 690 3185 pro
736 3133 850 3174 ἕνεκα
890 3135 978 3184 hic,
1022 3137 1071 3174 ut
1113 3137 1185 3175 Ar.
1233 3135 1330 3174 Pac.
1374 3135 1458 3174 699
1501 3136 1546 3174 et
1586 3134 1686 3183 Lys.
1726 3135 1825 3184 306,
1870 3145 1925 3174 ex

226 3203 423 3253 parodia„
456 3205 507 3243 ut
540 3213 605 3243 vs.
640 3205 666 3243 2
698 3201 775 3252 ἔφυ
806 3213 884 3252 pro
915 3200 1076 3254 ἐγένετο.

167 3269 235 3309 Fr.
268 3270 339 3320 42,
362 3270 397 3309 1.
431 3268 499 3316 τὰς
531 3265 567 3308 δ’
603 3267 791 3310 ἀναλύειν
822 3271 942 3310 recte
973 3269 1038 3309 Bl.
1060 3291 1110 3298 —-
1130 3269 1204 3308 VS.
1239 3270 1278 3309 2.
1311 3267 1440 3307 πάντα
1466 3279 1543 3319 pro
1571 3267 1670 3307 αὐτὰ
1702 3269 1924 3308 Richards.
