2216 3522
1054 196 1135 235 175

266 329 451 359 monere
482 319 610 359 valde
642 319 907 360 mediocrem
940 331 1038 360 esse
1072 321 1185 361 hanc
1219 323 1488 362 sententiam
1531 323 1657 372 idque
1700 325 1972 364 enuntiatam

275 387 420 426 verbis
451 387 565 427 bono
597 389 727 437 poeta
759 388 963 437 indignis.

213 454 283 495 Fr.
316 451 416 505 701,
454 457 491 495 1.
534 453 601 494 καὶ
647 466 723 505 pro
763 451 862 510 κᾷτα
903 466 958 496 ne
1000 457 1113 506 apud
1154 458 1394 506 pessimum
1438 458 1614 506 quidem
1655 460 1830 508 poetam
1871 459 1973 499 ferri

271 524 429 573 potest.
462 524 526 563 Bl.
559 521 654 576 πρὶν
686 523 930 574 μανθάνειν,
962 524 1074 573 quod
1107 527 1283 574 propter
1312 531 1468 577 πρῶτον
1500 536 1654 565 verum
1687 536 1784 565 esse
1811 528 1973 575 nequit.

273 591 550 640 Legendum:

422 658 476 710 μὴ
507 658 631 710 πάσχε
657 657 916 711 πρότερον
947 658 1015 698 τὸν
1050 658 1175 710 νόμον
1206 657 1232 711 ἢ
1266 659 1450 710 μάνθανε
1482 660 1779 711 (μανθάνεινῖ).

272 727 366 767 Non
410 737 507 767 esse
553 727 720 775 antiqui
761 728 914 776 poetae
956 728 1036 767 hoc
1078 728 1377 777 fragmentum
1410 729 1520 767 satis
1552 739 1649 768 esse
1681 730 1866 768 constat.
1911 728 1971 769 Of.

273 795 408 834 Kock.
443 817 495 823 —
530 795 603 835 Vs.
638 796 677 834 2.
711 795 966 846 προευλαβοῦ
999 797 1044 835 et
1076 795 1162 835 alia
1193 795 1257 835 Bl.

213 862 281 902 Fr.
316 863 416 913 706,
450 863 490 902 2.
532 862 863 902 violentissime
905 863 968 903 ΒΙ.
1012 865 1054 903 et
1087 874 1140 903 ne
1173 865 1273 912 apte
1306 864 1483 912 quidem
1517 858 1576 910 οἷς
1608 859 1693 914 μήτ’
1728 860 1913 914 ὀνήσεταί
1941 880 1975 903 τι

271 929 367 981 μήτε
414 930 616 982 χρήσεται;
662 932 890 980 praeterea
930 941 1135 979 graecum
1181 932 1250 970 est
1286 924 1342 969 ὧν
1376 954 1428 960 -—
1463 928 1656 981 ὀνήσεται.
1690 932 1974 979 Aequiescen-

274 998 376 1038 dum
409 999 454 1038 in
486 999 689 1038 Meinekii
722 999 1006 1039 correctione.

213 1066 281 1106 Fr.
317 1067 415 1106 707.
449 1067 512 1106 Bl.
557 1067 630 1106 cft.
674 1066 726 1106 fr.
762 1067 860 1106 712.
897 1089 949 1094 —
983 1066 1058 1106 Vs.
1093 1067 1132 1106 2.
1176 1066 1357 1106 Frustra
1397 1067 1463 1106 bis
1493 1067 1607 1106 idem
1641 1068 1786 1106 tentat
1815 1078 1879 1107 vs.
1912 1069 1972 1107 in-

271 1135 529 1174 sanabilem.

211 1201 278 1240 Fr.
313 1201 412 1241 709.
456 1202 687 1251 Ingeniose
729 1202 836 1241 Ellis
877 1212 943 1251 ap.
979 1202 1042 1241 Bl.
1077 1200 1213 1252 ἰταμὸς
1247 1199 1267 1240 ὅ
1300 1201 1434 1256 σῴζων
1466 1196 1575 1252 ἦσθα
1608 1204 1652 1242 et
1684 1201 1803 1241 νόσον
1840 1202 1967 1244 <σὺ>

272 1267 479 1323 σῴζων-
506 1267 796 1325 ἀποθνῄσκεις,
827 1272 871 1310 et
903 1270 966 1309 sic
997 1270 1076 1319 Bi,
1111 1270 1196 1308 nisi
1229 1270 1340 1318 quod
1372 1267 1450 1308 ἐστὶ
1483 1270 1566 1315 (vel
1599 1267 1701 1308 ἔστιν
1733 1266 1770 1308 ὁ’
1805 1265 1860 1321 ἆρ’
1897 1281 1972 1319 pro

270 1330 382 1387 ἦσθα
412 1335 498 1388 τὴν)
531 1339 576 1377 et
615 1337 737 1376 νόσον
773 1334 891 1377 <δὲ>
932 1338 1076 1387 malit,
1120 1337 1206 1376 alia
1242 1347 1410 1386 quoque
1447 1338 1636 1376 tentans.

214 1404 282 1444 Fr.
316 1405 415 1455 710,
450 1406 490 1444 2.
538 1405 720 1444 Frustra
761 1405 883 1445 Kock
925 1403 1144 1443 ἐπισκοποῠ
1187 1406 1231 1444 et
1273 1402 1436 1443 ἐπινοοῦ
1474 1415 1550 1453 pro
1581 1402 1832 1454 ἐπισκέπτου,
1863 1415 1972 1454 quae

271 1472 416 1512 forma
446 1483 592 1512 seram
634 1473 791 1512 horum
833 1482 1059 1522 versuum,
1105 1472 1178 1520 qui
1219 1471 1423 1520 leguntur
1455 1472 1588 1511 etiam
1626 1473 1671 1511 in
1702 1472 1971 1511 Boissonadii

267 1541 504 1581 Anecdotis
531 1541 593 1579 [II
609 1552 648 1590 p.
668 1541 768 1590 472,
797 1540 1009 1589 originem
1037 1538 1280 1579 confirmat.
1310 1540 1441 1588 Spero
1467 1539 1556 1578 fore
1581 1541 1628 1578 ut
1643 1540 1816 1578 futurus
1833 1541 1972 1579 editor

269 1608 466 1648 Disticha
498 1609 584 1648 ista
612 1608 878 1647 Parisiensia
904 1607 1034 1654 (haud
1070 1607 1217 1646 minus
1244 1617 1375 1655 quam
1402 1607 1685 1652 Monosticha)
1713 1618 1811 1646 cum
1836 1608 1970 1646 omni-

271 1676 351 1715 bus
378 1676 450 1725 iis,
476 1686 586 1725 quae
610 1686 665 1715 ex
682 1675 1017 1725 comparatione
1035 1675 1259 1714 Menandri
1285 1676 1328 1714 et
1344 1675 1612 1714 Philemonis
1629 1675 1867 1724 fluxerunt,
1887 1675 1971 1714 nisi

270 1744 446 1783 aliunde
490 1743 684 1793 firmata,
733 1743 776 1781 in
824 1743 1080 1792 Spuriorum
1122 1744 1252 1791 caput
1289 1742 1498 1781 conferat.
1546 1742 1621 1781 Vs.
1658 1744 1694 1781 1.
1735 1747 1812 1780 τῶν
1851 1740 1970 1788 πέλας

269 1814 501 1863 κατηγορεῖν
533 1811 617 1860 Β1.,
667 1811 739 1859 qui
773 1821 836 1850 vs.
872 1811 896 1849 2
931 1810 1047 1849 male
1095 1810 1285 1859 praefert
1331 1821 1459 1849 suum
1495 1806 1639 1861 πρόσθ’
1680 1811 1748 1849 vel
1785 1809 1909 1860 πάρος
1929 1811 1969 1858 (l)

269 1879 542 1919 Meinekiano
573 1875 687 1929 πρῶτ’
723 1888 799 1927 pro
830 1883 999 1928 πρῶτον.

209 1946 278 1986 Fr.
313 1947 412 1996 711,
451 1947 487 1985 1.
520 1946 704 1986 Temere
735 1946 798 1984 Bl.
832 1945 950 1992 ξύλον
982 1955 1057 1994 pro
1089 1944 1249 1983 κλάδον.
1279 1944 1340 1984 De
1367 1944 1596 1994 proverbio
1622 1946 1794 1994 praeter
1819 1947 1971 1985 notata

269 2024 295 2053 a
326 2014 490 2053 Kockio
523 2014 575 2054 cf.
609 2013 733 2053 Phot.
768 2013 812 2052 et
845 2013 956 2052 Plut.
991 2023 1109 2061 prov.
1149 2013 1200 2051 18
1233 2011 1467 2063 σκαμβὸν
1501 2012 1620 2059 ξύλον
1662 2009 1793 2051 οὔποτ’
1830 2010 1968 2062 ὀρθόν.

208 2082 275 2121 Fr.
310 2082 410 2120 712.
447 2082 511 2120 Bl.
560 2079 600 2119 ἔκ
647 2081 864 2131 μεταβολῆς
911 2078 1010 2118 ἐπὰν
1057 2078 1103 2117 τὰ
1145 2076 1180 2117 σ’
1228 2077 1290 2118 ἐπὶ
1332 2082 1507 2130 κρεῖττον
1548 2077 1648 2133 πέσῃ
1692 2078 1818 2134 (ῥέπῃ)
1847 2079 1852 2130 Ι
1882 2076 1967 2118 ὥστ’

268 2147 466 2199 εὐτυχεῖν,
495 2147 570 2187 κτέ.
604 2158 690 2187 non
723 2148 852 2187 male.

212 2215 280 2255 Fr.
315 2217 414 2255 714.
449 2217 512 2255 Bl.
557 2215 650 2254 ὅταν
681 2213 807 2267 γέρων
840 2214 1003 2266 γνώμην
1035 2212 1188 2266 γέροντι
1222 2213 1516 2264 <μετα>διδοῖ.
1559 2214 1640 2254 Sed
1667 2212 1792 2266 γέρων
1819 2213 1971 2266 γέροντι

272 2283 323 2322 de
354 2283 570 2322 industria
602 2283 792 2322 versifex
825 2283 1102 2322 coniunxisse
1131 2282 1313 2331 videtur,
1342 2291 1474 2329 quare
1501 2282 1781 2330 praetulerim
1811 2282 1970 2321 saltem

272 2349 368 2388 ὅταν
407 2349 534 2402 γέρων
576 2348 730 2402 γέροντι
769 2348 933 2401 γνώμην
966 2348 1187 2400 μεταδιδοῖ,
1217 2359 1322 2388 nam
1355 2349 1399 2387 in
1436 2348 1557 2387 brevi
1589 2349 1759 2397 syllaba
1790 2352 1891 2388 ante
1922 2350 1970 2400 Γν

272 2428 356 2458 non
403 2418 611 2467 producta
667 2428 720 2457 ne
766 2417 1022 2457 recentioris
1072 2416 1245 2464 quidem
1291 2416 1542 2456 comoediae
1589 2417 1741 2464 poetae
1787 2416 1969 2455 offende-

272 2487 387 2525 runt.
420 2485 494 2524 VS.
530 2486 568 2524 2.
603 2486 724 2524 Idem
757 2483 1046 2536 ἐπισωρεύεται.

215 2553 281 2592 Fr.
315 2554 414 2593 718.
449 2553 754 2592 Coniecturam
780 2562 928 2592 meam
956 2562 1021 2601 ap.
1042 2551 1255 2590 Kockium
1284 2551 1438 2599 probat
1454 2550 1516 2590 Bl.
1546 2551 1703 2590 Postea
1719 2550 1968 2590 tentabam:

1096 2617 1131 2656 εἰ
1161 2614 1232 2668 μὲν
1265 2617 1315 2667 δή
1352 2617 1544 2667 <,φίλε,>

607 2686 730 2726 <σὺ>
766 2685 892 2738 πόρον
925 2685 1020 2737 ἔχεις
1058 2681 1223 2726 <τιν’>·
1259 2684 1294 2722 εἰ
1323 2681 1366 2722 δὲ
1398 2683 1470 2734 μή,
1499 2682 1573 2722 κτέ.

214 2756 280 2794 Fr.
315 2756 401 2795 720
432 2755 595 2803 optime
627 2756 869 2794 correctum
902 2764 926 2793 a
959 2753 1166 2792 Porsono.
1210 2751 1323 2790 Nihil
1367 2751 1456 2799 egit
1488 2751 1550 2790 Bl.
1584 2753 1734 2791 contra
1775 2754 1966 2791 metrum

271 2820 367 2861 κάπὶ
399 2829 527 2876 σπορᾷ
558 2832 815 2872 proponens,

214 2891 282 2930 Fr.
316 2891 415 2929 721.
449 2890 542 2929 Vid.
574 2889 741 2938 Nauck,
776 2889 871 2928 Mel.
907 2888 963 2927 VI
999 2889 1094 2927 124.

212 2959 279 2997 Fr.
314 2958 412 3006 722,
451 2958 486 2996 1.
520 2956 629 2996 Cum
661 2956 723 2995 Bl.
757 2956 910 2995 malim
938 2953 1261 3005 ἐλευθέρ<ι>ον
1292 2953 1412 2992 Idem
1442 2952 1612 2991 inutilia
1635 2953 1720 2992 alia
1747 2954 1965 3003 proponit,

270 3035 356 3064 non
384 3024 542 3064 melius
573 3023 817 3063 sollicitans
848 3023 900 3062 fr.
936 3023 1034 3062 723.

213 3092 280 3131 Fr.
315 3092 414 3131 726.
457 3092 689 3140 Perperam
731 3091 846 3130 idem
889 3089 1062 3139 supplet
1105 3086 1344 3138 <ἀμήχανου
1385 3085 1494 3138 γὰρ>
1533 3084 1668 3137 ἔργον,
1700 3096 1965 3134 quamquam

273 3159 365 3207 ipse
396 3158 469 3198 cft.
502 3158 610 3197 Men.
648 3157 706 3196 1V
742 3159 838 3196 146.
882 3157 933 3195 Et
965 3156 1064 3204 quid
1097 3156 1243 3194 notius
1280 3165 1410 3202 quam
1442 3152 1557 3204 ἔργον
1590 3151 1685 3201 ἐστι,
1717 3153 1965 3192 difficile

273 3226 372 3266 est?
405 3224 484 3264 Sed
518 3226 635 3263 recte
668 3224 856 3262 fortasse
888 3219 972 3261 λῦσ’
1010 3221 1051 3261 ἑν
1083 3221 1209 3276 χρόνῳ
1238 3221 1423 3260 coniecit
1454 3220 1582 3259 idem.
