2216 3522
1057 205 1135 243 187

270 340 413 376 καμειι,
439 338 571 376 quam
601 328 854 368 coniectura
883 328 923 367 ei
955 328 1185 368 obtrudere
1218 329 1356 369 voluit
1388 326 1522 369 Kock.
1556 330 1664 369 Nam
1694 328 1971 381 ὡδοποιημένη

270 395 385 439 (cum
435 404 506 434 vv.
539 395 584 434 ll.
619 392 915 445 ὁδοποιουμένη
963 397 1008 434 et
1056 393 1394 446 ὅδοποιησαμένη)
1441 396 1551 435 Xen.
1600 398 1737 436 Anab.
1785 398 1820 435 V
1863 400 1900 447 3,
1950 402 1967 437 1

270 461 419 509 procul
449 461 578 502 dubio
608 464 729 502 recte
761 462 805 502 in
837 460 1119 514 ὡδοποιημένη
1147 464 1341 503 mutavit
1357 464 1541 503 Dindorf
1555 465 1652 504 coll.
1671 465 1784 504 Hell.
1804 465 1838 502 V
1858 467 1972 515 4,39,

270 534 351 567 nec
394 520 660 569 scholiastae
706 529 834 579 Vesp.
869 531 954 570 836
1004 527 1427 581 ὀνοματυπεποιῆσθαι
1470 532 1595 580 (quod
1638 533 1747 572 citat
1778 533 1856 577 Bl.)
1893 533 1973 571 hac

271 596 315 635 in
347 606 393 636 re
424 597 667 637 testimonii
699 598 830 637 dictio
861 599 941 637 est.
975 598 1109 637 Recte
1141 599 1276 638 etiam
1308 598 1466 638 Herod.
1500 598 1601 637 VlII
1639 599 1733 649 129,
1769 600 1793 638 2
1826 599 1973 638 διοδοι-

269 664 510 714 πορήκεσαν,
555 665 651 704 sive
693 665 803 703 ὃιωὸ.
847 666 1020 704 mavult
1063 665 1127 704 Bl.
1177 665 1316 714 Quare
1358 666 1549 705 nondum
1593 666 1732 706 abicio
1780 669 1973 706 veterem

272 742 416 771 meam
459 732 754 772 coniecturam
800 729 1240 783 ὁδοιπορὴσομεν.
1283 733 1327 772 Si
1368 734 1649 773 accusativus
1689 733 1820 784 ῥύμην
1853 745 1971 774 usur-

270 802 400 848 patus
427 800 480 839 ad
511 799 761 848 analogiam
796 809 887 839 voc.
921 797 1017 838 ὁδόν
1050 800 1150 839 ferri
1184 801 1351 848 nequit,
1389 801 1525 840 conici
1558 804 1721 850 potest:

581 864 714 918 ὀρθῶς
745 866 874 905 κατὰ
905 865 978 916 τὴν
1010 866 1142 919 ῥύμην
1176 865 1608 919 ὀδοιπορήσομεν

269 934 363 973 sive
404 931 537 982 ὀρθῶς
579 934 649 974 hic
690 936 844 975 recte
887 934 1123 984 significat,
1168 935 1262 975 sive
1305 938 1479 985 recta,
1514 937 1562 975 ut
1594 937 1702 976 Rav.
1735 938 1867 977 habet
1898 940 1970 977 Ar.

273 1001 371 1041 Pac.
411 1003 506 1041 160.

210 1068 279 1107 Fr.
316 1070 382 1119 15,
417 1070 456 1109 2.
500 1070 594 1109 Non
642 1069 824 1109 debebat
867 1069 931 1109 Bl.
974 1080 1050 1119 pro
1093 1072 1296 1119 corrupta
1338 1071 1523 1110 lectione
1564 1069 1751 1110 ἐσθίοντα
1792 1072 1972 1122 probare

270 1136 543 1176 Thomanam
591 1136 884 1187 εὐσθενοῦντα,
931 1138 1032 1185 quia
1078 1138 1142 1177 sic
1188 1138 1484 1186 antiquiorum
1540 1140 1762 1178 neminem
1810 1140 1973 1178 dixisse

268 1205 379 1243 satis
411 1206 612 1244 constare
645 1205 831 1255 videtur,
873 1215 976 1244 nam
1020 1205 1092 1244 ubi
1123 1205 1229 1244 olim
1260 1206 1486 1254 legebatur
1518 1206 1616 1246 Eur.
1650 1206 1765 1255 Cycl.
1801 1208 1825 1246 2
1856 1209 1972 1246 recte

270 1271 315 1310 L.
348 1271 531 1311 Dindorf
568 1273 765 1312 restituit
805 1270 990 1322 ηὐθένει,
1023 1275 1067 1312 et
1099 1273 1180 1312 hoc
1212 1273 1307 1321 ipso
1339 1273 1432 1312 loco
1465 1274 1655 1313 Bernard
1686 1276 1828 1313 suasit
1858 1274 1972 1314 εὐθε-

269 1344 429 1378 νοῦντα.
470 1339 664 1379 Nauckio
706 1339 906 1389 placebat
948 1340 1155 1379 audacior
1197 1339 1347 1379 Cobeti
1380 1341 1628 1379 coniectura
1659 1335 1702 1380 εὖ
1737 1341 1974 1390 πράττοντα,

268 1406 422 1446 melior
447 1417 572 1456 sane,
601 1407 639 1446 si
666 1417 731 1447 vs.
764 1408 784 1446 1
813 1412 942 1454 κακῶς
970 1406 1203 1462 διακειμένῳ
1230 1406 1446 1456 significat
1473 1408 1712 1447 infelici.
1741 1409 1798 1447 At
1819 1410 1970 1448 eodem

269 1474 361 1513 iure
393 1485 444 1514 ea
476 1475 608 1514 verba
639 1475 828 1525 accipias
860 1476 911 1514 de
943 1476 1217 1524 aegrotante,
1250 1474 1397 1522 itaque
1430 1485 1534 1514 vera
1567 1475 1737 1515 videtur
1766 1476 1973 1515 Bernardi

271 1542 518 1582 emendatio
541 1542 722 1581 lenitate
739 1553 819 1581 sua
837 1542 1239 1582 commendabilior.
1268 1542 1329 1581 Cr.
1348 1542 1512 1582 Cratini
1529 1540 1577 1582 fr.
1599 1543 1696 1592 327,
1716 1543 1787 1581 ubi
1805 1543 1972 1582 Lobeck

269 1610 440 1649 mutato
467 1611 649 1649 accentu
672 1608 830 1648 εὐθένει
857 1610 974 1649 dedit
999 1620 1074 1658 pro
1092 1609 1267 1659 εὐθενεῖ,
1292 1610 1368 1648 sed
1392 1610 1694 1658 corrigendum
1712 1611 1781 1649 est
1796 1607 1971 1660 ηὐθένει.

212 1675 280 1716 Fr.
319 1676 386 1716 17.
1201 1694 1206 1698 ·
1251 1675 1346 1715 ὅταν
1379 1674 1500 1731 ἕξίῃς,

565 1743 823 1795 παραγώγιον
861 1738 996 1785 <ὧν>
1033 1741 1083 1782 ἂν
1115 1741 1261 1797 ἐκφέρῃ
1294 1739 1329 1782 σ’
1364 1743 1632 1794 εἰσπράξομαι.

269 1809 466 1850 Correxit
507 1810 652 1850 Cobet.
685 1812 749 1851 Bl.
784 1822 870 1851 non
905 1812 1049 1851 ferens
1085 1812 1265 1861 „duram
1298 1812 1520 1858 anapaesti
1554 1811 1854 1861 incisionem”‚
1888 1822 1970 1859 quo

269 1879 395 1927 pacto
442 1871 498 1916 ὧν
545 1879 699 1918 abesse
742 1879 882 1928 possit
922 1879 1079 1918 vellem
1121 1877 1425 1927 significasset.
1469 1879 1522 1917 Et
1562 1879 1740 1918 omnino
1778 1879 1971 1918 duriores

269 1945 370 1984 illae
410 1945 648 1986 incisiones
689 1947 796 1986 adeo
839 1947 1013 1986 crebrae
1054 1949 1175 1996 sunt,
1220 1948 1267 1984 ut
1298 1946 1462 1985 criticis
1494 1947 1637 1995 magis
1668 1956 1799 1994 quam
1832 1947 1972 1995 poetis

268 2012 544 2062 displicuisse
579 2014 823 2053 videantur.

212 2081 278 2129 Er.
316 2081 382 2130 18,
417 2081 456 2119 4.
490 2075 531 2118 θ’
565 2091 640 2130 pro
675 2077 709 2119 δ’
746 2082 842 2120 sine
875 2092 1008 2121 causa
1040 2082 1169 2120 idem.

212 2149 278 2188 Fr.
317 2149 382 2188 19.
416 2148 701 2188 Probabiliter
732 2149 810 2199 Bl.,
845 2149 1038 2188 admisso
1071 2149 1377 2198 supplemento
1410 2158 1507 2187 meo
1540 2158 1604 2186 vs.
1640 2148 1678 2196 2,
1711 2148 1881 2187 scribit:

537 2218 617 2263 τοῖς
650 2216 884 2267 συκαμίνοις
917 2213 953 2254 δ’
990 2215 1077 2254 ἀντὶ
1110 2221 1179 2255 τοῦ
1213 2215 1369 2264 φύκους
1409 2212 1615 2269 <,ὁρᾷς;>

536 2282 628 2321 ὅλον
660 2282 702 2322 τὸ
734 2282 951 2334 πρόσωπόν
990 2282 1107 2324 <gon
1140 2281 1550 2332 narccrtsnlocofae'vnsss.

212 2350 280 2390 Fr.
315 2350 383 2389 20.
623 2354 885 2400 πλακοῦντες,
916 2347 1230 2402 ἐπιδορπίσματ’,
1261 2348 1339 2404 ᾠά,
1371 2349 1541 2399 σήσαμα·

627 2417 722 2468 ὅλην
754 2415 896 2470 λέγοντ’
934 2416 986 2456 ἄν
1018 2414 1052 2469 μ’
1088 2416 1280 2456 ἐπιλείποι
1313 2413 1345 2468 μ’
1384 2414 1547 2467 ἡμέραν.

272 2485 357 2524 Vix
388 2485 553 2526 sufficit
584 2486 738 2526 Kockii
770 2487 994 2526 correctio.
1028 2486 1229 2525 Nondum
1263 2495 1333 2523 me
1366 2485 1560 2533 poenitet
1592 2484 1889 2533 proposuisse:
1944 2532 1950 2533 V

628 2552 699 2604 ὅλη
732 2550 875 2606 λέγοντ’
906 2551 956 2591 ἂν
988 2549 1097 2591 πάντ’
1135 2551 1325 2591 ἐπιλείποι
1359 2547 1393 2601 μ’
1428 2540 1590 2615 ἡμέραῇ.
1941 2544 1943 2546 ’

274 2620 468 2660 Omnia
499 2621 686 2661 dicere
721 2622 1008 2662 volentem
1043 2622 1200 2659 totus
1234 2630 1312 2658 me
1345 2617 1584 2657 deficiat
1616 2618 1747 2657 dies.

214 2688 281 2727 Fr.
316 2688 385 2738 22,
420 2688 458 2727 2.
551 2687 701 2739 πόστήν
732 2687 975 2738 ὑφοὸώσεις,
1005 2687 1237 2738 παιδάριον,
1272 2686 1425 2738 ρύμην;
1459 2687 1500 2723 Β.
1533 2685 1679 2735 τρίτην,

554 2754 574 2794 ὁ
607 2755 680 2807 γὰρ
713 2754 910 2802 στένωπος
938 2750 1054 2802 οὗτος
1087 2753 1137 2793 ἐν
1174 2754 1454 2804 Ἀθήνησιν
1487 2747 1558 2804 ἦν.

270 2823 313 2862 Si
358 2834 420 2862 vs.
457 2824 481 2862 2
529 2816 683 2863 revera
733 2826 802 2864 est
844 2824 1098 2873 Philippidis
1149 2824 1333 2871 <praeter
1386 2821 1647 2860 Meinekium
1691 2821 1774 2859 vid.
1823 2820 1969 2859 Nauck

272 2890 366 2930 Mel.
404 2890 459 2929 VI
497 2892 606 2941 133),
640 2892 778 2931 conici
812 2892 994 2941 poterit:

558 2956 578 2996 ὁ
610 2957 683 3010 γὰρ
717 2957 916 3005 στένωπος
950 2953 1066 3004 οὗτος
1098 2954 1152 2995 ὃν
1186 2954 1449 3005 ἐσήμηνεν
1483 2949 1546 3005 ἦν.

274 3026 367 3065 scil.
401 3027 575 3077 aliquis,
610 3027 662 3066 de
687 3036 776 3076 'quo
805 3037 951 3066 sermo
984 3026 1065 3064 fuit
1097 3026 1139 3063 in
1173 3023 1453 3073 praegressis.
1491 3022 1641 3061 Kockii
1675 3022 1970 3061 coniecturam

273 3091 315 3131 ἐν
347 3091 561 3142 ἀφόδοισιν
593 3088 643 3145 ἦν
675 3105 760 3134 non
795 3094 1015 3143 intellego.

218 3159 284 3199 Fr.
320 3161 388 3199 23.
994 3154 1109 3206 οὗτος
1142 3158 1262 3197 οἴεται
1294 3157 1647 3208 περισπάσειν

539 3227 749 3280 κερμάτιον
781 3227 920 3268 αὐτοῦ.
