2216 3522
1122 176 1204 216 104

284 302 351 342 Fr.
384 301 454 342 60.
487 300 596 342 Cum
628 301 850 341 sententia
879 310 1086 350 compara
1117 299 1409 340 Horatianum
1442 299 1570 339 illud:
1614 300 1886 349 quidquid
1917 299 2042 340 deli·

343 373 470 409 rant
509 379 692 419 reges,
737 368 1073 417 plectuntur
1116 367 1331 407 Achivi.

285 437 350 476 Fr.
393 438 463 477 61.
503 436 683 476 Poetam
725 435 961 485 profecisse
1000 445 1056 475 ex
1098 435 1361 474 Archilocho
1403 434 1470 480 (fr.
1512 435 1596 474 110
1633 436 1682 475 ‘et
1726 435 1823 480 181)
1854 435 2049 476 ostendit

342 503 390 544 Ο.
422 502 615 544 Crusius.

284 571 351 611 Fr.
384 572 454 611 62.
872 567 1182 621 ὧσπερ<εὶ>
1224 567 1408 620 σπονδὴν
1441 568 1627 617 διδοὺς

637 636 689 678 ἐν
719 644 771 693 τῷ
802 637 985 694 κυλικείῳ
1018 635 1366 689 συντέτριφεν
1398 635 1446 676 τὰ
1475 636 1659 689 ποτήρια.

341 707 434 747 Non
476 707 619 747 solum
661 706 803 756 prima
845 705 977 745 verba
1023 715 1122 745 cum
1170 704 1337 745 Kockio
1383 714 1470 745 non
1517 704 1743 755 intellego,
1787 705 1864 745 sed
1910 703 2046 746 etiam

340 774 584 824 sequentia,
628 773 671 813 in
713 772 868 822 quibus
909 782 990 812 nec
1029 770 1299 823 συντέτριφεν,
1339 772 1463 812 cuius
1494 772 1767 822 paenultima
1796 772 1930 822 longa
1958 773 2046 823 est,

341 852 419 882 nec
450 840 496 880 τὰ
527 840 696 892 ποτήρια
729 841 895 880 iustum
928 850 1105 880 versum
1138 838 1347 880 efficiunt.
1380 839 1714 880 Dubitabundus
1744 840 1931 881 conieci:

873 906 932 947 οὐ
964 907 1024 947 σύ
1055 921 1129 947 πω
1160 906 1344 958 σπονδὴν
1376 906 1555 955 δίδως;

634 973 662 1028 ἢ
688 971 729 1014 ’ν
759 981 821 1030 τῷ
853 974 1038 1031 κυλικείῳ
1070 972 1397 1022 συνέκλασας
1427 973 1474 1014 τὰ
1504 974 1697 1026 ποτήριας

281 1044 348 1084 Fr.
383 1046 453 1094 65,
487 1045 527 1084 2.
561 1044 624 1083 Bl.
668 1043 919 1084 coniciendo
958 1041 1185 1093 ὑπόμνυται
1225 1043 1360 1083 etiam
1403 1042 1699 1083 obscuriorem
1733 1043 1875 1083 reddit
1904 1042 2048 1084 locum

340 1112 586 1152 obscurum.
619 1111 681 1151 De
715 1122 778 1151 vs.
812 1112 837 1151 3
871 1111 944 1151 cft.
978 1111 1029 1151 fr.
1064 1112 1133 1162 53,
1169 1111 1208 1151 2.

282 1181 349 1220 Fr.
383 1180 453 1229 67,
487 1180 527 1220 8.
560 1178 659 1231 πρὸς
689 1178 757 1218 τὸν
789 1177 902 1230 ἥλιον
936 1201 989 1207 -
1022 1177 1193 1226 ἑστώσας
1225 1179 1450 1229 coniungit
1475 1179 1554 1229 ΒΙ.,
1583 1178 1728 1219 deleta
1755 1177 1926 1228 virgula
1948 1179 2051 1229 post

340 1246 594 1300 τεταγμένας,
633 1247 710 1287 sed
752 1247 925 1297 egregie
965 1247 1148 1287 fallitur.
1195 1246 1256 1287 De
1296 1257 1362 1287 vs.
1406 1249 1432 1287 4
1475 1247 1548 1287 oft.
1598 1246 1821 1297 Aristoph.
1862 1246 1905 1287 ΙΙ
1935 1246 2047 1296 975;

340 1315 605 1365 Theopomp.
638 1314 680 1354 II
713 1316 823 1363 769;
857 1314 1075 1355 Xenarch.
1108 1315 1171 1354 III
1203 1315 1304 1355 617.

283 1383 349 1423 Fr.
385 1384 453 1433 70,
491 1385 527 1423 1.
561 1381 666 1422 ἔστιν
702 1377 841 1434 <ἆρ’>
878 1381 1035 1421 ἅπαντα
1066 1383 1195 1423 malit
1226 1383 1290 1423 Bl.

283 1452 349 1491 Fr.
384 1452 453 1501 74,
492 1452 527 1491 1.
561 1447 623 1501 ἅμ’
658 1448 920 1502 ἐμπολήσεται
960 1450 1039 1500 ΒΙ.,
1076 1451 1153 1491 sed
1185 1451 1345 1500 requiri
1377 1460 1588 1500 praesens
1618 1452 1736 1490 recte
1769 1450 1880 1491 vidit
1908 1450 2050 1502 Kock,

343 1520 415 1568 qui
447 1519 612 1569 optime
644 1518 826 1568 corrigit
855 1514 1004 1557 πωλεῖτ’
1040 1516 1112 1557 ἀεὶ.

404 1586 683 1625 ΟΡΘΑΝΗΣ.
716 1586 938 1636 Hesychio
971 1588 1089 1626 recte
1120 1583 1210 1637 περὶ
1241 1596 1319 1636 pro
1351 1584 1431 1625 ὑπὸ
1462 1586 1649 1626 reddidit
1679 1586 1744 1626 Bl.

285 1655 351 1694 Fr.
386 1655 455 1704 75,
492 1655 529 1694 7.
577 1653 755 1694 Gorrexi
804 1654 1043 1703 quondam,
1093 1653 1292 1694 admissa
1337 1653 1491 1694 Kockii
1539 1655 1791 1694 coniectura
1836 1654 2055 1706 σκύλακας,

342 1721 521 1769 πυκνοὺς
552 1732 629 1772 pro
660 1721 807 1771 κύνας,
837 1721 935 1762 coll.
969 1721 1169 1761 Alexidis
1195 1721 1247 1761 fr.
1281 1723 1378 1762 149.
1406 1722 1592 1762 Prorsus
1616 1721 1963 1772 improbabiliter
1986 1722 2051 1764 Bl.

343 1789 540 1842 φλογερὸν
564 1786 789 1839 (Ηφαίστου
820 1788 947 1837 σέλας.
983 1813 1033 1819 -
1070 1790 1144 1830 VS.
1190 1791 1229 1830 9.
1274 1790 1489 1840 Quidquid
1525 1790 1631 1830 dicit
1661 1790 1802 1841 Kock,
1838 1791 2052 1841 hodieque

343 1858 623 1909 praetulerim
667 1855 968 1909 ἠρεθισμένους.
997 1881 1049 1886 -
1088 1858 1163 1898 Vs.
1201 1859 1269 1899 10.
1301 1859 1536 1909 Perperam
1579 1858 1695 1899 idem
1737 1858 1782 1898 in
1813 1858 2053 1900 manifesta

343 1925 675 1976 paratragoedia
713 1925 896 1975 requirit
935 1925 1038 1979 ᾄττει
1077 1937 1156 1976 pro
1198 1925 1319 1981 ᾄσσει.
1354 1949 1406 1955 -
1440 1926 1514 1967 Vs.
1551 1927 1618 1966 13.
1652 1926 1734 1967 Gft.
1772 1926 1836 1967 Bl.
1869 1926 2050 1978 Antiph.

345 1994 445 2043 217,
474 1994 529 2033 23
562 1992 728 2033 δείπνου
758 1994 971 2045 προφήτην
1002 1992 1117 2045 λιμόν
1143 1996 1187 2034 et
1218 1995 1440 2044 Aristoph.
1474 1995 1526 2035 fr.
1559 1995 1645 2035 332
1679 1992 1845 2046 ἠπίαλος
1875 2000 2051 2046 πυρετοῦ

343 2062 590 2113 πρόδρομος,
620 2061 738 2102 locos
768 2061 885 2101 male
916 2062 1140 2111 neglectos
1172 2062 1225 2102 ab
1257 2063 1436 2103 editore.

286 2130 352 2170 Fr.
402 2130 471 2179 77,
525 2131 560 2168 l..
605 2128 816 2169 κατιδόντα
861 2130 1052 2170 fortasse
1098 2133 1215 2171 recte
1254 2131 1318 2170 Bl.
1365 2130 1427 2171 De
1474 2141 1537 2171 VS.
1587 2132 1612 2170 2
1660 2141 1725 2180 sq.
1783 2131 1857 2171 cft.
1903 2131 2049 2183 Eurip.

344 2197 395 2237 fr.
429 2198 529 2246 567,
564 2198 589 2236 2
622 2194 749 2237 ch².

286 2265 354 2304 Fr.
388 2265 443 2304 78
476 2265 592 2305 male
624 2267 767 2305 tentat
797 2265 861 2306 Bl.
896 2265 958 2306 cf.
992 2266 1127 2306 Kock.

287 2332 354 2371 Fr.
387 2333 457 2382 80,
496 2334 531 2372 1.
564 2333 697 2373 Recte
729 2333 793 2373 Bl.
825 2343 912 2373 uno
942 2333 1153 2373 vocabulo
1184 2332 1435 2385 καταντικρὺ.

287 2400 354 2439 Fr.
388 2401 458 2450 82,
497 2402 532 2440 1.
566 2399 676 2441 Cum
717 2401 870 2441 eodem
903 2400 999 2451 lege
1039 2398 1231 2452 ἠφάνισε,
1263 2401 1315 2442 cl.
1349 2412 1415 2442 vs.
1449 2402 1489 2442 3.
1523 2424 1578 2430 ——
1613 2402 1687 2443 Vs.
1723 2404 1761 2443 2.
1801 2402 2054 2454 Ἀρεσίαν,

346 2468 427 2508 ioci
468 2478 603 2508 causa
638 2468 803 2508 dictum
836 2478 912 2519 pro
944 2467 1118 2520 πηλικὴν
1152 2492 1205 2498 -
1238 2467 1406 2521 ἄρυσιν,
1445 2470 1671 2520 egregium
1713 2472 1781 2511 est
1818 2470 2051 2512 Headlami

346 2535 589 2575 inventum.

289 2603 355 2643 Fr.
390 2604 459 2653 88,
495 2604 533 2643 3.
567 2600 779 2656 ὀψοφάγος
811 2605 904 2645 iure
934 2607 1084 2645 tuetur
1114 2605 1193 2656 ΒΙ.,
1226 2615 1356 2655 quem
1390 2606 1476 2646 vid.
1509 2617 1548 2656 p.
1586 2607 1681 2647 131.

290 2671 356 2710 Fr.
389 2671 460 2720 90,
495 2673 534 2711 5.
577 2671 738 2723 γάλακτι
779 2672 899 2724 χηνός
943 2673 1058 2713 idem
1101 2683 1199 2713 esse
1243 2673 1416 2714 videtur
1457 2674 1570 2723 quod
1612 2673 1732 2726 χηνὸς
1772 2672 1921 2726 ἔλαιον,
1949 2675 1978 2717 1.
2009 2684 2048 2718 θ.

348 2738 516 2788 adeps
558 2740 885 2789 anserinus,
932 2743 1111 2780 vocatur
1152 2740 1205 2780 ab
1256 2740 1520 2791 Hippocrate
1571 2742 1613 2782 11
1655 2743 1755 2782 551.
1804 2742 1904 2783 596.
1947 2743 2049 2784 606.

349 2806 448 2845 607.
491 2807 590 2846 628.
634 2808 733 2847 641.
778 2809 864 2848 645
907 2808 1038 2857 Erm„
1081 2811 1126 2849 et
1157 2808 1277 2860 χηνὸς
1309 2807 1454 2859 ἄλειφα
1487 2810 1646 2850 ibidem
1680 2812 1779 2851 565.
1813 2811 1913 2851 630.
1947 2812 2048 2852 644.

349 2874 447 2912 571.
482 2873 542 2913 Cf.
576 2875 675 2914 580.
710 2876 810 2915 612.
844 2877 943 2916 624.
979 2877 1079 2916 628.
1113 2878 1213 2917 631.
1249 2876 1358 2918 Male
1390 2877 1510 2918 Kock
1542 2876 1669 2917 στέατι
1700 2879 1904 2930 coniecit,
1930 2881 2051 2920 recte

348 2941 465 2980 enim
492 2942 650 2981 dicitur
676 2942 836 2994 γάλακτι
867 2943 1024 2992 δεῦσαι,
1057 2947 1104 2984 ut
1130 2943 1246 2998 οἴνῳ,
1271 2943 1413 2995 μέλιτι,
1438 2944 1553 2984 ὕδατι
1580 2947 1625 2986 et
1648 2947 1766 2986 omni
1795 2956 1840 2986 re
1867 2946 2047 2997 liquida,

351 3018 434 3048 non
476 3007 603 3047 στέατι
644 3010 967 3060 similibusque,
1011 3013 1060 3051 ut
1100 3011 1300 3052 arbitror.
1341 3012 1441 3052 Alia
1477 3013 1651 3053 inutilia
1690 3014 1855 3063 profert
1885 3013 1950 3055 Bl.
1985 3013 2048 3056 of.

351 3078 422 3116 Ar.
456 3076 582 3126 Vesp.
618 3078 717 3117 737.
754 3101 804 3106 —
839 3078 911 3118 Vs.
946 3080 971 3118 3
1000 3082 1098 3129 post
1122 3079 1284 3127 ξυστίδα
1310 3082 1356 3120 et
1383 3090 1446 3120 vs.
1475 3082 1500 3120 5
1528 3083 1627 3130 post
1650 3081 1769 3133 χηνός
1796 3081 2047 3132 ponendum

349 3145 644 3194 interrogandi
672 3146 861 3195 signum.
898 3170 946 3176 —
983 3146 1077 3187 Iam
1109 3148 1213 3188 olim
1251 3148 1360 3188 haec
1390 3149 1553 3189 monui.

295 3212 360 3251 Fr.
394 3213 464 3262 94,
499 3213 538 3252 2.
572 3211 697 3262 μόνον
724 3213 788 3253 Bl.
818 3214 910 3254 Non
937 3225 1058 3265 opus.
1092 3215 1246 3256 Melius
1277 3216 1395 3256 idem
1422 3217 1467 3256 in
1494 3227 1558 3256 vs.
1586 3217 1609 3256 7
1638 3217 1821 3267 requirit
1846 3215 1989 3265 οῧκτος
2004 3217 2051 3258 et
