2216 3522
1077 190 1162 230 216

240 317 306 357 Fr.
340 318 440 357 983.
481 316 708 367 δικαμπίας.
756 316 819 356 Bl.
861 316 934 356 cst.
976 314 1159 364 τροπίας,
1198 311 1389 361 καπνίας,
1430 309 1594 361 ἀμφίας.
1640 307 1764 349 Adde
1814 305 2001 357 κουρίας,

298 384 452 433 ξυρίας,
483 383 648 433 πρατίας
680 386 761 423 etc.

240 452 305 491 Fr.
334 452 434 492 984.
464 451 690 502 δικομήτρα.
718 451 781 491 Bl.
811 450 885 490 cst.
916 446 1203 501 ὀρτυγομήτρα.
1222 468 1269 474 -
1295 445 1359 487 Cf.
1382 445 1588 485 German.
1616 441 1997 483 PGH-mutter.

241 520 306 558 Fr.
349 520 448 559 988.
507 519 697 568 Hesych.
756 516 1178 570 ε’γκᾶλοσκελεῐς·
1237 513 1278 553 οἱ
1320 511 1375 564 μὴ
1421 509 1682 560 ἀποδιδόντες
1725 511 1774 553 τὰ
1818 507 1911 563 χρέα
1955 505 2000 548 ἐν

297 587 475 633 κάλοις
517 585 775 636 ἐδεσμεύοντο
817 583 909 632 τοὺς
950 583 1089 631 πόδας.
1131 583 1327 623 Adnotat
1367 580 1508 621 editor
1548 579 1662 629 „Res
1691 581 1788 631 ipsa
1816 577 1921 619 ficta
1949 576 2001 616 ut

298 655 501 693 nomen.”
548 656 605 693 At
654 654 766 693 scire
813 652 948 692 velim
995 662 1071 692 cur
1110 651 1240 700 poeta
1280 658 1440 689 nomen
1479 646 1682 699 fingeret,
1724 649 1765 689 si
1803 656 1875 688 res
1902 645 2001 695 ipsa

297 731 381 760 non
430 724 615 761 extaret.
663 721 850 760 Athenis
896 729 1003 759 sane
1049 718 1317 759 comicorum
1363 716 1509 755 aetate
1554 715 1716 765 privati
1761 714 1998 762 debltores,
2063 724 2079 738 ·

295 788 368 836 qui
410 788 620 828 solvendo
662 798 746 827 non
789 789 956 836 essent,
1000 796 1088 827 non
1130 783 1447 833 vinciebantur,
1490 782 1567 823 sed
1607 783 1660 823 de
1696 782 1885 824 Athenis
1913 788 2000 821 non

295 856 362 904 agi
411 855 654 896 luculenter
701 855 845 904 ipsum
891 863 1052 894 nomen
1097 852 1389 900 demonstrat,
1447 850 1560 899 quod
1607 849 1666 890 ibi
1711 848 1999 899 ἐνξυλοσκελεῐς

294 925 509 963 sonasset.
551 922 713 963 Contra
754 922 948 961 doricum
993 923 1115 960 κᾶλον
1152 919 1311 959 indicio
1343 919 1411 958 est
1442 917 1557 958 hanc
1586 916 1783 968 glossam
1813 916 2001 968 petitam

293 1000 390 1029 esse
427 992 504 1029 aut
534 1001 558 1030 e
593 989 757 1038 Sicula,
801 989 913 1038 quod
954 988 1167 1038 suspicor,
1199 987 1277 1027 aut
1307 995 1363 1025 ex
1395 984 1549 1025 Italiae
1580 985 1802 1026 inferioris
1831 991 1998 1026 comoe-

293 1058 382 1106 dia,
425 1058 572 1106 itaque
613 1057 800 1097 durioris
839 1057 898 1096 ibi
940 1057 983 1095 in
1025 1055 1247 1096 debitores
1287 1053 1399 1103 legis
1438 1053 1663 1094 continere
1693 1051 2000 1094 testimonium

293 1126 406 1164 haud
439 1125 748 1174 spernendum.

233 1193 299 1232 Fr.
338 1193 464 1232 1001.
498 1193 544 1232 Β.
564 1193 614 1231 Α.
649 1193 718 1242 39,
756 1192 808 1231 12
841 1192 1084 1241 corrigatur
1114 1188 1246 1242 σαπρὰ
1283 1199 1360 1240 pro
1396 1187 1542 1240 σαθρά.
1574 1189 1624 1229 In
1655 1189 1813 1239 vulgus
1843 1189 1996 1229 notum

291 1261 360 1299 est
391 1264 514 1310 γραῦς
547 1259 690 1309 σαπρά.

234 1327 300 1366 Fr.
338 1327 449 1366 1009
482 1326 728 1367 delendum.
772 1327 836 1365 Ex
879 1326 954 1366 Od.
988 1337 1010 1364 σ
1045 1327 1095 1365 11
1130 1326 1329 1364 sumtum
1361 1334 1459 1364 esse
1500 1323 1558 1373 gl.
1586 1321 1792 1371 ἐπιλλίζων
1825 1323 2000 1365 monuit

292 1394 439 1434 Nauck
473 1395 498 1434 Ι.
534 1395 560 1435 l.
594 1405 632 1444 p.
671 1395 768 1434 166.

233 1462 300 1501 Fr.
338 1462 463 1501 1018.
507 1461 620 1501 Nihil
668 1462 814 1501 obstat
869 1461 1103 1510 quominus
1145 1457 1396 1511 ἰαμβοφάγος
1438 1458 1637 1498 extiterit
1667 1458 1794 1499 iuxta
1823 1457 1998 1511 ἰαμβειο·
2035 1481 2037 1483 -

291 1528 441 1580 φάγος,
473 1529 582 1577 quod
617 1539 773 1568 moneo
805 1529 980 1577 propter
1009 1525 1231 1576 Blaydesii
1262 1526 1414 1566 notam
1448 1535 1488 1575 p.
1522 1525 1623 1566 278.

234 1595 299 1635 Fr.
347 1596 473 1635 1021.
526 1595 635 1636 Cum
686 1595 935 1646 ἱππόπορνος
963 1610 1017 1626 =
1042 1592 1338 1646 μεγαλόπορνος
1388 1592 1682 1642 comparanda
1722 1590 2000 1644 ἱππόκρημνος

291 1664 379 1708 (Ar.
411 1663 518 1703 Rau.
552 1665 672 1713 929),
706 1663 948 1714 βούμαστος,
979 1662 1189 1714 βούλιμος,
1223 1660 1416 1712 βούπαις,
1446 1660 1673 1712 βουκόρυζα
1705 1661 1787 1701 etc.

236 1731 300 1770 Fr.
339 1731 466 1770 1022.
498 1731 679 1771 Temere
711 1730 903 1782 ἰσχιοίδης
935 1729 1144 1770 sollicitat
1174 1727 1239 1768 Bl.
1272 1727 1367 1768 Vid.
1399 1727 1522 1768 Kock
1553 1727 1607 1768 ad
1638 1728 1690 1768 fr.
1727 1728 1855 1768 1111.

234 1797 300 1837 Fr.
340 1798 464 1837 1023.
498 1798 562 1838 Bl.
596 1799 824 1847 comparat
853 1797 975 1846 fungi
1008 1805 1168 1836 nomen
1199 1794 1429 1845 phallus
1460 1795 1794 1846 impudicus.

233 1866 300 1904 Fr.
337 1866 463 1905 1025.
497 1866 618 1906 Idem
654 1866 923 1915 „Scripserat
953 1863 1142 1904 fortasse
1173 1863 1369 1903 comicus
1401 1862 1580 1912 aliquis:

648 1938 716 1983 τῆς
748 1931 875 1979 οἰκίας
906 1930 980 1983 γὰρ
1013 1926 1147 1970 οὔποτ’
1181 1928 1368 1981 ἐκπέμπει
1399 1929 1552 1977 καπνὸς

647 2004 824 2047 τοιοῦτος
856 1998 1023 2046 αὐτούς,
1053 1996 1151 2037 ἀλλὰ
1180 1997 1332 2045 πάντας
1363 1997 1551 2050 εἰσάγει.”

233 2066 301 2106 Fr.
338 2067 464 2107 1038.
508 2067 712 2107 Eiusdem
755 2067 1006 2107 coniectura
1045 2065 1254 2105 κυλοιδιᾶν
1294 2075 1370 2115 pro
1402 2065 1621 2117 κιχλοιδιᾶν
1653 2067 1830 2115 propter
1859 2065 1997 2106 notio·

293 2144 393 2173 nem
436 2145 461 2173 a
503 2134 633 2174 verbo
673 2134 970 2185 θεμερύνεσθαι
1011 2132 1362 2173 diversissimam
1403 2132 1551 2182 procul
1592 2132 1721 2173 dubio
1761 2132 1875 2173 falsa.
1915 2135 1997 2174 eet.

291 2201 553 2241 Rectissime
585 2202 867 2242 emendatum
900 2203 968 2241 est
999 2200 1270 2252 κιχλιδιᾶν
1296 2203 1350 2247 (a.
1385 2211 1425 2241 v.
1457 2199 1668 2252 κιχλίζειν).

235 2268 300 2307 Fr.
339 2269 464 2308 1039.
497 2269 560 2309 Bl.
595 2270 702 2309 citat
734 2269 839 2309 Poll.
874 2269 914 2308 X
953 2269 1047 2308 177.

236 2335 301 2374 Fr.
340 2336 464 2375 1040.
499 2335 675 2377 Mirifice
707 2338 821 2377 idem
855 2337 1023 2376 fallitur
1054 2346 1317 2387 comparans
1348 2338 1422 2378 Ar.
1455 2336 1642 2386 Lysistr.
1675 2337 1776 2377 800.

236 2402 300 2441 Fr.
339 2404 462 2442 1042.
513 2404 632 2444 Malit
679 2405 796 2445 idem
843 2403 1079 2456 κνισοτήρης
1126 2415 1202 2455 pro
1248 2404 1552 2456 κνισοτηρητής,
1597 2404 1694 2445 coll.
1741 2403 1996 2458 πιννοτήρης.

294 2469 420 2519 Vesp.
460 2473 583 2510 1513.
618 2472 710 2512 Non
743 2472 869 2512 video
900 2472 1225 2512 necessitatem.

235 2535 300 2575 Fr.
334 2537 459 2577 1044.
487 2537 595 2577 Cum
615 2539 809 2590 Κοδρίτης
826 2539 889 2579 Bl.
908 2542 1134 2589 comparat
1160 2538 1312 2579 fictum
1340 2549 1500 2580 nomen
1518 2539 1722 2591 Πυκνίτης
1738 2540 1812 2581 Ar.
1829 2539 1905 2590 Rq,
1922 2539 1995 2581 42.

235 2602 301 2641 Fr.
340 2604 463 2644 1048.
498 2605 618 2645 Idem
650 2607 723 2646 oft.
756 2606 1063 2659 γνωμοδιώκτης
1094 2609 1140 2647 et
1170 2606 1466 2658 κνισοδιώκτης.

237 2669 301 2709 Fr.
340 2672 463 2710 1056.
499 2672 544 2711 In
582 2673 796 2713 Eustathii
833 2674 977 2714 verbis
1008 2674 1206 2715 eiusdem
1238 2674 1489 2715 coniectura
1518 2671 1540 2713 ’ὁ
1571 2673 1622 2725 δὴ
1653 2675 1786 2715 κύνα
1816 2678 1995 2728 χοῖρος

294 2747 379 2776 non
421 2739 639 2789 intellego.
676 2741 782 2781 Coll.
823 2742 873 2781 fr.
911 2742 1036 2792 1057,
1081 2741 1383 2792 intellegerem
1415 2739 1436 2781 ὃ
1469 2740 1518 2793 δὴ
1555 2739 1872 2796 κυνέγειρον
1903 2746 1995 2794 (pro

292 2804 394 2843 κύνα
420 2809 567 2856 χοῖρον)
593 2805 690 2859 ἄλλη
718 2809 905 2865 κωμῳδία
931 2810 1042 2861 φησί.
1068 2809 1129 2850 Cf.
1149 2820 1309 2851 nomen
1334 2810 1556 2860 proprium
1586 2810 1837 2865 Κυνέγειρθῖ·
1855 2833 1909 2841 -··
1927 2810 1994 2853 Gl-

292 2871 496 2923 κύνειραν,
527 2885 658 2923 quam
690 2876 947 2918 Eustathius
979 2878 1053 2918 vix
1084 2881 1201 2919 recte
1231 2880 1422 2930 explicat
1452 2881 1523 2932 τὴν
1544 2883 1612 2923 τὸν
1638 2883 1742 2923 κύνα
1766 2881 1997 2935 donimane,

294 2938 387 2990 ὅπερ
418 2939 521 2979 ἐστὶν
552 2941 833 2996 ἐφελκομένην,
860 2956 946 2986 non
979 2946 1174 2995 expedio.

237 3007 301 3046 Fr.
340 3010 464 3049 1069.
504 3011 565 3050 131.
600 3012 672 3052 cst.
706 3015 779 3053 Ar.
813 3014 910 3054 Pac.
943 3016 1029 3054 654
1063 3013 1128 3054 καὶ
1159 3015 1369 3068 κύκηθρον
1399 3016 1464 3056 καὶ
1496 3018 1725 3070 τάρακτρον.
1757 3019 1880 3060 Adde
1909 3019 1993 3059 λαί-

293 3087 466 3125 μαστρον
506 3089 702 3129 quaeque
744 3081 830 3121 alia
867 3082 1021 3133 collegi
1053 3093 1087 3123 s.
1122 3093 1161 3123 v.
1195 3093 1234 3133 p.
1268 3083 1353 3124 487
1396 3085 1439 3125 in
1471 3085 1612 3127 lexico
1644 3097 1743 3128 meo
1773 3086 1916 3138 suppl.
1948 3088 1995 3128 et

294 3143 393 3182 dial.
427 3155 465 3194 p.
499 3147 599 3186 487.

238 3210 302 3249 Fr.
351 3213 474 3251 1072.
522 3215 796 3265 λευκηπατίας.
853 3217 973 3257 Kock
1023 3218 1143 3267 „Non
1189 3219 1327 3260 audeo
1372 3220 1562 3262 scribere
1606 3222 1882 3275 λευχηπατίας.
1926 3222 1990 3264 Cf.
