2216 3522
1103 211 1159 250 32

311 338 677 379 verisimiliorem.
721 336 851 377 Certa
891 335 1105 385 quaedam
1144 336 1213 374 est
1254 335 1298 374 in
1330 345 1375 374 re
1407 334 1560 375 critica
1589 335 1846 386 methodus,
1878 345 2012 386 quam

311 406 444 446 nimis
474 405 702 455 neglegere
732 404 845 444 solet
878 403 943 442 vir
973 402 1403 452 praestantissimus,
1437 403 1639 443 mutandi
1670 403 1821 444 omnia
1846 413 1922 454 per
1943 403 2013 445 fas

311 476 356 514 et
385 473 508 513 nefas
539 472 715 512 libidine
747 471 954 512 continuo
985 470 1211 520 abreptus.

253 542 320 581 Fr.
355 542 454 581 397.
482 539 782 591 ἀνεπίπληκτος.
811 540 989 589 Legitur
1014 538 1111 578 Eur.
1132 539 1202 578 Or.
1230 539 1335 588 922,
1364 548 1499 588 quare
1528 536 1706 587 Εὔπολις
1722 539 1768 579 in
1787 537 2014 591 Εὐριπίδης

313 610 472 649 mutari
502 608 622 648 iubet
652 607 813 647 Nauck.
846 607 904 646 At
935 606 1082 656 quidni
1115 606 1293 656 Eupolis
1324 606 1477 646 eodem
1509 606 1721 648 vocabulo
1747 607 1892 657 potuit
1915 607 2015 648 uti?

252 678 319 717 Fr.
351 678 451 716 407.
500 675 871 726 δαμαρίττπεως
923 675 1012 714 iam
1063 674 1148 724 legi
1199 674 1311 724 apud
1349 673 1699 715 Choeroboscum
1746 685 1802 715 ex
1848 675 2010 716 Theod.

312 755 350 794 p.
385 746 483 793 261,
518 745 572 783 25
606 745 756 783 monet
788 742 951 782 Nauck.

252 813 319 852 Fr.
353 812 453 851 408.
498 812 594 861 „Sic
635 810 862 862 Χολοζύγης
905 819 980 859 pro
1021 808 1245 861 Βουζύγης,
1287 808 1587 860 Κολακώνυμος
1627 820 1706 860 pro
1752 809 2014 861 Κλεώνυμος,

312 879 696 928 Ἀνδροκολωνοκλῆς
747 888 823 927 pro
870 876 1123 927 Ἀνδροκλῆς,
1164 876 1590 928 Κολακοφοροκλείδης
1636 887 1713 927 pro
1751 873 2010 929 Ἱεροκλείδης

307 951 389 988 etc.
412 947 474 986 Cf.
502 946 649 996 Eupol.
674 946 805 986 393.‘’
837 945 921 995 BL,
957 954 1068 994 quae
1100 945 1256 985 multis
1287 945 1536 985 temerariis
1568 945 1833 986 coniecturis
1863 945 2014 986 utilior

310 1019 376 1056 est
408 1014 645 1054 adnotatio.

250 1085 318 1124 Fr.
350 1084 450 1123 412.
483 1080 649 1132 ἐμετικοὶ
680 1092 756 1131 pro
788 1079 915 1131 ἔμετοι
946 1081 1252 1130 grammaticis
1284 1080 1553 1120 reddendum
1586 1082 1713 1130 putat
1743 1081 1807 1121 Bl.

249 1152 315 1191 Fr.
348 1152 448 1191 413.
482 1148 688 1200 ἐμνήσατο.
725 1150 833 1198 „Pro
864 1147 1068 1200 ἐμνήσθη,
1099 1150 1149 1188 ut
1179 1149 1399 1189 videtur.'’
1431 1148 1496 1188 Bl.
1524 1149 1680 1189 Melius
1705 1149 1857 1190 Nauck
1882 1149 2012 1191 affert

306 1220 430 1259 Phot.
473 1229 511 1268 p.
553 1218 639 1258 426
679 1218 744 1257 ed.
788 1217 893 1257 Nab.
927 1216 1218 1268 μνώμενος·
1260 1217 1591 1268 μνηστεύομενος·
1623 1216 1691 1257 καὶ
1723 1215 2008 1268 ἐμνήσατο·

304 1286 603 1337 ἐμνηστεύσατο.
642 1283 827 1332 Εὔπολις.
859 1285 984 1326 Unde
1015 1285 1174 1326 erroris
1206 1285 1482 1325 convincitur
1513 1285 1697 1335 Anglus.

247 1357 316 1396 Fr.
349 1356 449 1395 427.
481 1351 587 1392 λέπει
618 1355 721 1394 ante
752 1354 970 1394 Kockium
1003 1353 1215 1393 Meineke.
1248 1352 1311 1393 Cf.
1343 1353 1495 1394 Nauck
1531 1353 1607 1394 1.1.

248 1424 313 1463 Fr.
347 1423 447 1462 428.
483 1422 615 1461 Recte
646 1420 841 1472 λείβηθρα
873 1421 1068 1471 postulat
1098 1421 1182 1470 Bl.,
1216 1422 1266 1460 ut
1297 1419 1564 1473 στέργηθρον,
1592 1419 1825 1473 θέλγητρον.

247 1492 313 1531 Fr.
347 1490 447 1529 438.
481 1490 639 1529 Annon
672 1489 925 1540 Hpuigauog?
956 1488 1020 1528 Bl.
1054 1488 1158 1538 Quis
1190 1489 1370 1528 credat?

247 1561 314 1600 Fr.
348 1559 447 1598 439.
481 1555 750 1603 σακ<ισ>τός
782 1558 900 1596 recte
931 1555 1160 1596 Headlam.
1193 1555 1300 1595 Post
1330 1555 1370 1595 K
1401 1555 1565 1596 excidit
1594 1555 1660 1596 IC.
1693 1556 1850 1597 Melius
1874 1567 2007 1608 quam

306 1627 369 1667 Bl.
402 1623 677 1671 σα<κω>τός.

362 1693 580 1743 Eupolidis
611 1692 875 1741 fragmentis
906 1693 1131 1741 praeterea
1161 1693 1442 1732 accesserunt
1465 1692 1573 1732 haec
1598 1691 1683 1732 duo
1703 1686 1731 1732 'e
1762 1692 2009 1735 Philetaero

305 1763 400 1802 Vat.
433 1761 583 1808 (Cohn.
617 1760 726 1799 Mus.
759 1759 839 1799 Rh.
877 1760 989 1799 1188
1018 1769 1058 1809 p.
1092 1760 1217 1806 417):

362 1839 400 1869 a.
449 1827 506 1867 ὅτι
546 1827 772 1875 πυξίδας
814 1826 882 1873 (cf.
926 1827 1044 1867 Suid.
1089 1836 1124 1866 S.
1158 1837 1199 1866 v.
1243 1824 1376 1873 ὁπλαὶ)
1419 1825 1494 1866 οὐκ
1535 1825 1670 1879 ἔλεγον
1710 1823 1790 1867 ἀλλ’
1839 1827 2007 1879 ἱμάντας

300 1898 478 1943 (cestus)

595 1961 816 2013 ἱμάντας
848 1960 948 2013 ἥξω
980 1960 1135 2013 δεῦρο
1167 1960 1454 2009 πυκτικοὺς
1485 1960 1616 2014 ἔχων

299 2029 408 2082 παρὰ
438 2036 489 2084 τῷ
527 2028 722 2069 Εὐπόλιδι
754 2031 798 2069 et

357 2098 396 2138 b.
431 2128 464 2136 ..
484 2128 492 2136 .
510 2128 518 2136 .
550 2095 629 2136 ἔστι
661 2093 704 2136 δὲ
735 2094 802 2135 καὶ
832 2093 896 2135 ἐπὶ
926 2101 1006 2135 τῶν
1037 2093 1270 2148 ἀνθρώπων
1299 2095 1343 2136 τὸ
1374 2095 1550 2149 τρώγειν.
1586 2094 1765 2145 Εὔπολις

1185 2161 1282 2203 κάν
1314 2164 1438 2219 ποίᾳ
1469 2163 1621 2204 πόλει

474 2236 753 2278 τοιοῦτο<ς
785 2228 886 2269 ὢν)
926 2229 979 2270 τὸ
1011 2228 1239 2283 μέγεθος
1274 2230 1434 2284 ἰχθὺς
1466 2231 1740 2285 τρώγεται;

298 2302 446 2350 μᾶλλον
477 2297 520 2339 δὲ
551 2298 614 2338 ἐπὶ
646 2305 724 2338 τῶν
755 2298 1017 2350 τραγημάτων
1049 2304 1217 2350 χρῶνται
1250 2298 1292 2338 τὸ
1323 2299 1499 2352 τρώγειν.

238 2368 305 2408 Fr.
337 2370 423 2408 456
456 2368 571 2407 inter
601 2367 811 2416 adespota
842 2366 1145 2406 collocandum
1175 2366 1314 2407 fuisse
1346 2367 1520 2408 monuit
1550 2367 1713 2408 Nauck.
1746 2369 1798 2409 In
1827 2369 1880 2410 tr.
1911 2370 1998 2410 455

296 2445 395 2475 cum
438 2435 605 2475 Nabero
646 2433 926 2474 scribendum
968 2443 1066 2473 esse
1097 2433 1242 2484 κρίμνη
1273 2444 1350 2484 pro
1380 2434 1538 2485 κρήμνη
1571 2435 1633 2474 ait
1663 2435 1798 2486 idem,
1830 2435 1884 2477 de
1913 2446 2000 2486 quo

295 2502 513 2542 tralaticio
545 2502 821 2541 librariorum
855 2511 1000 2541 errore
1033 2501 1211 2551 saepius
1243 2501 1311 2550 egi
1343 2503 1388 2541 et
1418 2502 1525 2552 ipse.

242 2634 504 2689 Phrynicm
537 2636 587 2676 fr.
625 2638 660 2676 1.

620 2701 749 2753 ὄνομα
780 2701 824 2742 δέ
854 2718 906 2759 τῳ
937 2698 1037 2742 τοῦτ’
1071 2696 1123 2754 ἧν
1154 2701 1308 2743 ἔσωθεν
1339 2709 1416 2757 γῆν
1447 2719 1486 2745 τε
1518 2703 1572 2756 μὴ

618 2768 713 2809 ἔστω
745 2769 913 2821 φιάλτης
945 2768 1224 2822 ἀνδραγαθίας
1255 2770 1402 2811 οὕνεκα

618 2836 672 2877 ἔτι
703 2836 865 2885 ἐπιαλὰς
896 2836 1044 2889 χρηστὰ
1074 2840 1110 2876 λ’
1143 2835 1376 2889 ἀπωλόμην.

293 2905 435 2945 Verba
479 2905 568 2945 fere
614 2905 845 2955 desperata
889 2905 1031 2955 Kock,
1075 2905 1323 2956 vituperata
1361 2906 1592 2948 lenissima
1622 2909 1668 2949 L.
1699 2908 1908 2950 Dindorfii
1949 2911 1995 2951 et

295 2972 493 3012 Meinekii
525 2973 634 3012 coni.
667 2976 746 3019 (vs.
769 2975 806 3019 1)
837 2970 889 3024 ἢν
919 2986 958 3012 τε
989 2975 1112 3012 σωθῶ
1143 2968 1174 3024 γ’
1204 2970 1255 3023 ἢν
1287 2987 1324 3012 τε
1356 2974 1431 3025 μή,
1469 2986 1580 3025 quae
1611 2986 1766 3018 omnes
1792 2977 1994 3018 veritatis

293 3050 498 3079 numeros
531 3040 689 3080 habere
721 3041 908 3090 videtur,
941 3041 1033 3090 ipse
1065 3039 1384 3082 violentissime
1415 3044 1460 3083 et
1492 3044 1756 3093 pravissime
1785 3045 1951 3085 tentat:

620 3105 746 3157 ὄνομα
778 3103 813 3146 δ’
850 3105 935 3157 ἐμοὶ
968 3103 1088 3157 ταῦτ’,
1118 3104 1170 3158 ἣν
1200 3107 1304 3147 κάτω
1335 3104 1363 3147 τ’
1399 3104 1430 3148 ὦ
1461 3107 1537 3149 κᾶν
1567 3108 1667 3162 ἄνω,

618 3172 721 3212 ἐστὶν
748 3170 962 3225 Ἐφιάλτης
993 3172 1272 3227 ἀνδραγαθίας
1303 3174 1452 3226 εἵνεκα,

617 3237 702 3290 ὁτιὴ
730 3237 890 3291 ’πιήλας
914 3236 1106 3291 Ἠρακλεῖ
1131 3240 1343 3293 διωλόμην.
