2216 3522
1037 221 1094 260 69

181 340 250 380 Fr.
282 340 309 379 3
341 350 417 389 pro
449 341 652 381 dimetris
683 344 954 383 catalecticis
987 344 1234 391 (ὃιακωλΰειν
1247 347 1281 392 ‘?)
1314 347 1446 387 habet
1477 348 1540 388 Bl.

181 408 248 448 Fr.
281 409 321 448 4.
353 408 448 448 Non
478 410 595 449 tanti
619 410 731 451 facio
756 412 995 452 Herodiani
1019 413 1347 464 auctoritatem,
1376 416 1425 454 ut
1446 413 1651 466 κατέχεσον
1668 427 1744 466 pro
1761 416 1945 469 κατέχεσα

239 474 470 529 (κατάχεσον
497 477 836 529 dubitabunduS,
865 481 942 519 sed
958 482 1093 531 recte,
1114 481 1248 527 Kock)
1280 492 1439 522 sanum
1457 493 1555 523 esse
1573 484 1746 524 credere
1763 486 1944 534 possim.

180 544 250 584 Fr.
283 544 323 584 7.
369 545 653 596 κακοτεχνίζων
700 547 926 596 analogiae
972 548 1244 588 adversatur.
1286 549 1418 589 Recte
1458 549 1561 589 κακὰ
1601 551 1803 602 .τεχνάζων
1849 563 1944 592 con·
1980 565 1982 567 ’

239 612 342 652 iecit
372 612 535 653 Nauck.

179 679 249 719 Fr.
285 681 352 720 10.
394 681 645 720 Priscianus
685 683 1114 722 OTINOXEAONTI
1150 689 1280 735 μῆνας
1319 682 1435 736 ἐγγὺς
1466 689 1567 737 τρεῖς
1599 685 1716 734 ὅλους
1744 685 1749 739 Ι
1778 694 1945 738 φρουρῶ

237 746 307 786 τὸν
346 743 613 798 Ἐνδυμίωνα.
661 750 757 790 Iure
798 751 919 791 Kock
960 752 1223 791 addubitans
1263 754 1438 802 propter
1477 754 1705 794 insolitum
1748 755 1944 804 pleonas-

237 825 361 855 mum
407 816 684 856 lenissimam
732 819 934 858 Meinekii
981 819 1273 859 mutationem
1316 817 1400 871 ὁτιὴ
1442 821 1581 872 σχεδόν
1613 837 1667 870 τι,
1711 823 1945 862 violentius

236 884 415 933 corrigit
443 881 788 935 ὀνειροπολοῦντα.
820 886 1030 935 Equidem
1063 887 1238 936 ambigo
1270 875 1420 928 utrum
1443 891 1562 929 recte
1587 890 1694 929 olim
1720 890 1943 930 elicuerim

237 948 322 1002 ὁτιὴ
352 952 439 998 (vel
469 951 528 991 ὅτι
558 951 641 999 τὸν)
672 951 856 1004 γέροντα,
888 964 964 1004 an,
994 955 1106 1003 quod
1134 956 1287 1004 postea
1312 957 1432 995 venit
1458 958 1502 996 in
1529 959 1729 998 mentem
1755 960 1799 998 et
1829 969 1945 998 nunc

236 1021 494 1069 occupatum
523 1020 648 1060 video
665 1031 691 1060 a
706 1021 956 1072 Blaydesio,
987 1023 1181 1062 admisso
1204 1023 1407 1063 Meinekii
1425 1025 1606 1064 invento
1623 1036 1699 1075 pro
1717 1024 1831 1077 ἐγγὺς
1848 1026 1945 1065 sub·

235 1089 421 1127 stituam
451 1085 542 1139 ἤδη.
574 1088 657 1128 IIIa
678 1090 830 1128 tamen
861 1089 1002 1129 lenior
1027 1091 1140 1130 ratio
1167 1091 1342 1130 videtur
1367 1092 1514 1140 itaque
1542 1093 1684 1142 magis
1710 1093 1944 1143 probanda.

107 1143 115 1152 ’
176 1156 245 1195 Fr.
280 1156 347 1195 14.
378 1156 493 1207 βοοῖν
523 1166 600 1205 pro
631 1157 739 1207 βοῶν
772 1157 984 1207 Meineke,
1019 1158 1234 1207 probante
1266 1159 1472 1199 Nauckio.
1506 1160 1680 1199 Dubito.

177 1223 246 1263 Fr.
281 1224 348 1263 15.
395 1221 655 1274 ἀφανίζουσι,
694 1225 720 1263 i.
755 1235 791 1264 e.
831 1227 1190 1276 consumunt,
1234 1226 1422 1267 fortasse
1462 1230 1580 1268 recte
1616 1229 1766 1267 tuetur
1797 1228 1860 1268 Bl.
1895 1229 1942 1268 Ei

234 1292 497 1341 probabilior
526 1292 698 1332 videtur
729 1293 932 1333 Meinekii
963 1303 1094 1342 quam
1123 1294 1276 1333 Kockii
1309 1295 1572 1335 coniectura.

177 1360 247 1400 Fr.
282 1361 349 1400 19.
383 1360 621 1399 Prorsus
661 1360 986 1400 infeliciter
1027 1372 1121 1401 rem
1155 1362 1298 1411 egisse
1331 1363 1511 1402 videbar
1543 1363 1726 1413 Kockio,
1762 1364 1942 1404 felici-

236 1429 321 1468 ter
361 1428 610 1477 Biaydesio,
650 1438 729 1467 nec
770 1439 876 1467 sane
917 1429 1130 1477 hodieque
1167 1430 1267 1471 ,eius
1308 1431 1583 1470 coniecturae
1624 1441 1695 1470 me
1727 1432 1952 1482 poenitet,

237 1496 381 1545 magis
411 1506 546 1544 quam
578 1495 774 1544 dubiam,
804 1506 914 1544 quae
944 1497 1027 1545 ipsi
1061 1497 1135 1535 vix
1167 1497 1297 1536 dubia
1329 1498 1572 1547 videbatur,
1605 1500 1750 1537 ratum
1784 1499 1943 1538 violen-

236 1565 330 1603 tam
356 1564 494 1613 ipsius
525 1563 679 1603 Kockii
706 1563 1019 1613 coniecturam,
1049 1575 1130 1604 nec
1161 1565 1381 1613 persuasit
1412 1565 1522 1604 mihi
1549 1566 1763 1605 Headlam
1795 1577 1942 1616 propo-

236 1641 347 1672 nens
378 1629 568 1678 πλεκτοὺς
602 1641 679 1680 pro
710 1631 936 1680 πλείστους,
972 1633 1083 1680 quod
1114 1634 1282 1682 tamen,
1317 1633 1513 1672 admissa
1545 1634 1667 1682 gravi
1699 1635 1943 1674 mutatione

237 1698 462 1739 Kockiana
492 1701 572 1745 τοῖς
613 1700 763 1748 θεοῖσι,
804 1699 945 1739 multo
978 1699 1149 1739 felicius
1182 1694 1429 1740 coniectum
1470 1702 1537 1740 est
1572 1711 1702 1749 quam
1733 1701 1944 1748 πελάνους.

237 1759 324 1806 Vix'
363 1777 472 1816 opus
513 1768 582 1806 est
622 1777 801 1806 monere
844 1764 968 1817 ὄψον,
1004 1768 1041 1806 si
1074 1769 1191 1807 recte
1223 1768 1287 1807 ita
1318 1769 1524 1817 rescripsi
1554 1779 1630 1818 pro
1663 1767 1776 1819 ὅσον,
1810 1780 1943 1809 sensu

235 1834 429 1884 generali
458 1835 511 1874 de
542 1834 775 1883 omnigeno
806 1834 1003 1884 obsonio,
1039 1835 1166 1883 quale
1199 1835 1292 1884 agri
1315 1836 1611 1884 producebant
1637 1837 1751 1882 (hinc
1779 1837 1944 1876 addidit

235 1897 322 1941 οἷον
351 1900 455 1948 εἰκὸς
486 1895 570 1953 ἦν),
608 1911 696 1941 non
729 1902 908 1952 speciali
940 1903 991 1942 de
1023 1902 1217 1951 piscibus
1249 1913 1346 1942 esse
1376 1903 1735 1952 intellegendum.

176 1969 244 2009 Fr.
279 1970 348 2009 20.
383 1969 531 2009 Placet
562 1970 784 2018 Blaydesii
816 1970 1067 2009 coniectura
1100 1969 1223 2020 στόμα
1255 1984 1293 2008 τε
1325 1981 1402 2019 pro
1435 1969 1477 2009 τὸ
1510 1970 1645 2021 στόμα.

174 2037 243 2076 Fr.
277 2037 345 2076 22.
379 2034 422 2075 δὲ
453 2047 530 2086 pro
561 2052 596 2075 τι
628 2037 762 2087 idem,
810 2037 885 2076 vix
926 2039 1058 2077 recte.
1092 2038 1236 2077 Verba
1268 2035 1399 2076 ὁδὶ-
1426 2036 1529 2076 ἐστιν
1561 2039 1705 2088 posita
1739 2039 1941 2078 videntur

235 2101 302 2142 διὰ
337 2101 477 2154 μέσου,
516 2103 684 2152 reliqua
715 2105 865 2143 autem
897 2105 1148 2144 cohaesisse
1181 2115 1280 2144 cum
1312 2106 1599 2155 praegressis,
1634 2116 1774 2154 neque
1807 2105 1941 2154 igitur

236 2181 334 2211 esse
367 2171 624 2219 asyndeton.

177 2238 246 2279 Fr.
279 2239 347 2278 23.
382 2238 495 2287 Lege
526 2236 850 2292 συγκατέκλῃσεν.
883 2239 1046 2278 Locum
1079 2240 1188 2279 bene
1220 2240 1536 2289 interpretatur
1568 2240 1707 2290 Kock,
1742 2250 1822 2279 nec
1853 2250 1941 2279 ma-

237 2306 305 2355 gis
336 2315 468 2354 quam
502 2306 703 2344 Meinekii
736 2306 986 2346 coniectura
1018 2317 1127 2356 opus
1167 2307 1339 2346 videtur
1370 2308 1662 2356 Blaydesiana
1696 2306 1943 2359 μυρισαμένη

237 2371 475 2411 κατέκλινεν.

297 2439 444 2479 Alcaei
486 2439 800 2489 Pasiphaes
842 2440 1104 2490 fragmentis
1137 2452 1159 2482 e
1191 2441 1333 2481 lexico
1369 2442 1636 2482 Messanensi
1669 2442 1786 2482 Rabe
1818 2441 1939 2482 (Mus.

238 2506 375 2546 Rhen.
410 2507 479 2556 92,
514 2507 615 2554 405)
649 2507 813 2547 addidit
845 2508 1001 2548 hocce:

296 2577 470 2622 Ἀλκαῖος
503 2575 711 2630 Πασιφάῃ·

540 2644 731 2698 Μίνῳαν;
765 2640 844 2682 ἀλλ’
880 2643 1019 2694 οἴμωζε
1052 2644 1201 2684 σαυτὸν
1233 2643 1599 2697 περιθέμενος.

237 2709 310 2749 ubi
340 2707 604 2762 περιθέων
636 2711 745 2750 bene
777 2712 1030 2751 emendavit
1062 2712 1195 2752 Kock.

179 2777 247 2817 Fr.
274 2778 344 2817 35.
376 2775 558 2816 ἅκναπτα
590 2788 668 2827 pro
700 2776 847 2817 ἄθικτα
880 2780 924 2818 in
956 2779 1021 2819 Et.
1056 2790 1114 2819 m.
1149 2780 1326 2829 corrigit
1358 2780 1421 2819 Bl.

179 2845 247 2884 Fr.
281 2845 337 2884 38
370 2845 602 2885 delendum
645 2856 742 2886 esse
785 2847 958 2886 monuit
990 2847 1159 2896 Nauck,
1203 2847 1355 2887 Alcm
1370 2848 1494 2886 anis
1537 2847 1654 2886 enim
1696 2857 1792 2887 esse
1829 2847 1879 2887 fr.
1914 2849 1939 2886 4

238 2912 392 2961 Bergk.
435 2913 656 2962 (Harpocr.
690 2924 729 2963 p.
764 2914 833 2964 95,
870 2915 938 2960 20)
980 2912 1047 2953 καὶ
1088 2914 1184 2961 ναὸς
1226 2912 1347 2966 ἁγνὸς
1389 2913 1574 2966 εὐπύργω
1606 2913 1837 2965 Σεράπνας,
1868 2914 1941 2953 ubi

238 2979 440 3019 Alcmani
465 2980 734 3036 reddendum
764 2981 993 3032 Θεράπνας,
1019 2983 1068 3021 ut
1094 2983 1337 3030 antiquitus
1362 2981 1443 3031 ipsi
1470 2982 1662 3021 Lacones
1678 2982 1941 3022 scribebant·

180 3075 405 3120 Canthari
438 3078 488 3118 fr.
523 3080 562 3118 6.
595 3078 784 3128 Biaydes
817 3080 890 3120 cft.
923 3080 996 3119 Ar.
1031 3080 1139 3120 Ach.
1178 3081 1303 3119 1199.

182 3174 358 3221 Dioclis
392 3179 681 3218 ΘΑΛΑΤΤΑ.’
701 3180 826 3229 Apud
859 3180 1140 3219 Athenaeum
1184 3178 1316 3226 <ὦς>
1357 3179 1537 3220 Θάλαττα
1570 3181 1755 3221 coniecit
1784 3182 1848 3222 Bl.

183 3245 251 3286 Fr.
287 3246 325 3286 7.
357 3246 493 3286 τύπων
536 3247 579 3286 in
610 3245 747 3285 πίθων
780 3246 953 3296 refinxi,
988 3248 1222 3297 plaudente
1255 3248 1341 3297 Bl.,
1377 3249 1449 3296 qui
1483 3249 1574 3298 ipse
1606 3259 1683 3298 pro
1716 3247 1946 3298 ἀθέλδεται,
