2216 3522
1046 176 1131 216 223

328 291 381 342 ὣς
412 293 498 334 καὶ
535 294 713 349 τέχναι
744 304 908 338 πᾶσαι
939 300 1290 352 προσδέονται
1316 303 1494 355 τύχης,
1523 303 1607 343 καὶ
1638 305 1762 357 τύχη
1795 305 1964 345 διακο-

199 409 202 412 ,
331 366 540 414 σμεῖται
570 368 682 412 ταῖς
714 363 1039 418 ἐπιστήμαις.

265 429 340 470 νε.
373 432 651 475 497=Eur.
682 434 736 474 tr.
773 435 900 475 1017.

266 497 339 538 Vs.
373 499 650 541 499=Eun
682 502 734 541 fr.
772 503 899 542 1026.

264 564 338 606 Vs.
372 567 472 607 504.
505 567 639 607 δεινὸν
670 579 748 621 pre
779 568 941 621 αἰσχρὸν
972 572 1090 611 recte
1122 572 1206 622 BL,
1240 573 1336 613 coll.
1371 574 1515 623 adesp.
1550 576 1619 615 61.
1650 587 1658 601 ⁴

263 632 337 673 Vs.
371 635 470 675 508.
512 636 644 676 Miror
692 637 956 677 Meinekium
1011 639 1176 688 fugisse
1231 640 1346 680 hunc
1390 651 1568 681 versum
1615 643 1821 691 Aeschyli
1867 654 1963 684 esse

324 701 469 743 Prom.
503 705 574 744 44.

261 769 334 809 VS.
363 771 463 811 523.
491 769 894 820 Richardsz‘Tnvog
915 773 1171 826 <περιττὸς>
1191 774 1324 814 δεινὸν
1350 773 1583 827 ἀνθρώποις
1600 777 1736 816 κακόν.
1763 779 1847 818 Sed
1865 779 1961 818 coll.

321 848 386 878 vs.
421 839 525 888 732,
566 840 824 880 crediderim
864 842 1011 890 potius
1052 842 1179 889 ὕπνος
1223 845 1475 893 corruptum
1507 855 1604 885 esse
1636 855 1691 885 ex
1726 844 1966 885 ὑπόνοια.

321 905 441 956 Quod
467 908 505 947 si
530 909 594 947 ita
620 910 706 958 est,
735 909 970 958 legendum
988 906 1175 949 Ὑινόνοια
1203 910 1337 949 δεινόν
1359 910 1542 954 <ἐστιν>
1570 910 1802 965 ἀνθρώποις
1827 913 1962 958 κακόν,

260 973 335 1014 νε.
369 976 466 1014 533.
501 975 763 1025 corruptum
797 979 873 1017 aut
904 978 1038 1029 φοβοῦ
1066 980 1142 1018 aut
1172 977 1226 1029 μὴ
1259 979 1406 1030 φοβοῦ.

260 1042 335 1082 VS.
370 1045 469 1083 535.
504 1045 708 1084 Fortasse
759 1043 949 1096 φρόνημα
982 1044 1170 1098 ,λαμπρὸν
1210 1049 1302 1096 (pro
1333 1046 1518 1099 λιπαρὸν)
1549 1046 1736 1098 οὐδαμῶς
1767 1043 1962 1087 &Munerat

319 1112 435 1156 (cum
481 1112 694 1151 Meinekio
741 1123 818 1162 pro
857 1110 1133 1160 ἀναλίσκεται).
1166 1114 1249 1154 Sed
1285 1115 1407 1154 deest
1440 1116 1616 1156 dativus
1657 1117 1959 1166 instrumenti,

318 1178 441 1218 velut
486 1182 570 1225 ταῖς
617 1182 860 1231 συμφοραῖς,
900 1191 984 1229 quo
1025 1181 1215 1221 fortasse
1256 1182 1577 1222 terminabatur
1610 1194 1762 1223 versus
1793 1194 1961 1233 praece-

318 1244 426 1284 dens
455 1246 501 1284 in
530 1246 647 1296 loco,
684 1247 794 1286 unde
826 1247 897 1287 hic
927 1258 992 1287 vs.
1026 1251 1261 1299 excerptus
1293 1251 1374 1289 est.

259 1310 334 1351 Vs.
368 1313 468 1352 539.
511 1313 799 1354 Probabiliter
838 1315 903 1354 Bl.
945 1315 1061 1354 τίκτει
1107 1327 1184 1366 pro
1226 1316 1392 1367 κομίζει,
1438 1317 1535 1357 coll.
1577 1318 1720 1368 Eurip.
1762 1318 1812 1358 fr.
1860 1320 1956 1370 195,

320 1380 435 1420 unde
468 1379 612 1421 fictus.

261 1445 336 1486 VS.
370 1448 469 1488 543.
502 1448 568 1488 EX
608 1449 895 1499 Epicharmeo
939 1451 1014 1490 illo
1047 1448 1071 1488 ἆ
1105 1448 1147 1489 δὲ
1188 1449 1269 1503 χεὶρ
1311 1450 1382 1490 τὰν
1422 1455 1529 1504 χεῖρα
1561 1452 1672 1499 νίζει·
1705 1452 1773 1499 δός
1805 1467 1863 1502 τι,
1893 1451 1959 1491 καὶ

318 1513 456 1565 λάβοις
488 1515 527 1554 τί
555 1531 616 1554 κα.

259 1579 333 1620 VS.
368 1583 467 1622 550.
501 1583 563 1624 Cf.
601 1585 758 1625 Aesch.
801 1585 944 1625 Prom.
979 1587 1087 1626 378:
1131 1583 1250 1638 ὀργῆς
1292 1587 1456 1638 ζεούσης
1487 1585 1585 1626 εἰσὶν
1617 1586 1743 1638 ἰατροὶ
1774 1587 1883 1639 λόγοι
1916 1590 1960 1627 et

315 1649 430 1690 infra
461 1662 526 1692 vs.
559 1653 665 1702 622,
698 1652 772 1692 ubi
802 1652 1039 1703 legendum
1070 1653 1205 1703 σοφός,
1225 1665 1304 1704 pro
1335 1660 1477 1705 σοφοῦ.
1510 1655 1605 1694 Vid.
1638 1666 1702 1695 vs.
1738 1657 1837 1695 674.

257 1715 332 1756 Vs.
367 1719 453 1758 562
471 1711 646 1759 ='761.
666 1718 751 1765 ἃς...

256 1783 331 1824 νε.
366 1786 466 1826 563.
500 1786 562 1826 Of.
595 1787 740 1836 Eurip.
773 1787 825 1827 fr.
860 1788 959 1837 529,
997 1789 1018 1827 1
1053 1788 1162 1834 (BL).

256 1852 329 1893 Vs.
363 1854 462 1894 572.
495 1853 830 1902 οἰκίζεις-οἰκεῖ.
864 1856 956 1895 Vid.
988 1856 1179 1896 Lexicon
1210 1867 1360 1896 meum
1392 1857 1534 1907 suppl.
1569 1859 1612 1897 et
1643 1859 1742 1898 dial.
1775 1870 1811 1898 s.
1845 1870 1885 1898 v.

259 1919 328 1959 Vs.
361 1922 461 1961 580.
495 1922 590 1962 Vid.
623 1923 845 1962 Menandr.
877 1923 928 1962 fr.
963 1923 1032 1963 89.
1067 1923 1128 1963 Cf.
1163 1924 1360 1973 Sophocl.
1392 1924 1444 1963 fr.
1478 1925 1578 1964 851.
1611 1925 1719 1972 (BL).

253 1986 327 2027 νε.
361 1989 460 2028 586.
494 1990 645 2029 Fictus
686 1991 763 2029 aut
802 1992 1034 2039 corruptus
1075 2000 1131 2030 ex
1163 1991 1292 2040 soph.
1325 1990 1428 2030 Ant.
1462 1992 1571 2032 326:
1616 1990 1662 2030 τὰ
1698 1991 1807 2032 δειλὰ
1836 1990 1956 2045 κέρδη

310 2054 496 2106 πημονὰς
529 2054 741 2109 ἐργάζεται.

255 2121 330 2162 νε.
364 2124 464 2164 587.
507 2124 601 2164 Nisi
642 2126 710 2165 est
751 2135 906 2164 versus
946 2125 1170 2175 politicus,
1214 2128 1407 2166 metrum
1447 2126 1663 2175 postulat:
1697 2124 1798 2177 ἀνὴρ
1830 2126 1957 2166 ὕπου-

315 2191 383 2236 λος
413 2189 491 2230 κτὲ.

258 2255 331 2295 VS.
366 2258 466 2298 590.
503 2259 779 2308 „Legendum
813 2259 928 2308 φίλος
960 2259 1080 2309 φίλου
1114 2259 1429 2310 φειδόμενος
1458 2260 1531 2299 οὐκ
1563 2260 1667 2299 ἔστιν
1697 2261 1829 2311 φίλος,
1860 2262 1954 2302 coll.

317 2325 439 2366 Publ.
466 2326 560 2375 Syr.
583 2327 658 2365 10:
687 2327 870 2366 Amici
902 2327 1049 2367 vitia
1079 2328 1125 2367 si
1155 2328 1326 2377 feraS,
1360 2327 1540 2367 facies
1573 2329 1709 2367 tua.’'
1731 2329 1954 2368 Richards·

256 2391 331 2432 VS.
364 2393 464 2433 592.
511 2393 573 2433 Cf.
617 2394 745 2443 Soph.
792 2394 912 2434 Aiac.
956 2396 1041 2434 646
1081 2405 1145 2443 sq.
1193 2390 1342 2432 ἅπανθ’
1387 2392 1407 2433 ὁ
1454 2394 1602 2446 μακρὸς
1647 2394 1943 2447 κάναρίθμητος

315 2460 455 2512 χρόνος
483 2456 490 2515 Ι
518 2461 611 2510 φύει
643 2461 789 2510 (φαίνει
803 2463 838 2507 ?)
870 2458 897 2500 τ’
933 2459 1061 2513 ἄδηλα
1092 2460 1159 2501 καὶ
1190 2460 1368 2511 φανέντα
1399 2461 1620 2513 κρύπτεται.
1723 2512 1726 2515 ¹

256 2527 330 2578 Vs,
364 2528 464 2568 601.
496 2529 678 2577 Antiqui
723 2530 943 2569 sermonis
989 2530 1235 2579 proprietas
1280 2529 1546 2578 postularet:
1596 2529 1712 2580 Ζήτει
1757 2533 1870 2569 ποεῖν
1911 2524 1955 2569 εὖ

313 2594 406 2641 τοὺς
461 2591 535 2647 σέγ’
585 2589 629 2634 εὖ
676 2594 976 2648 εἰργασμένους,
1020 2598 1065 2637 in
1120 2596 1310 2637 recentis
1366 2597 1464 2636 aevi
1509 2587 1601 2636 fetu
1647 2597 1955 2637 tantummodo

313 2658 507 2711 requiro':
539 2665 619 2709 τοῖς
650 2665 779 2710 καλῶς
814 2659 934 2705 <σ’>
970 2662 1256 2717 εἰργασμένοις.

256 2729 328 2768 νε.
361 2710 460 2781 606.
493 2729 695 2769 Voluisse
728 2730 903 2770 videtur
934 2734 1179 2782 poetaster:
1223 2730 1377 2770 Nihil
1411 2740 1547 2779 opus
1579 2731 1795 2779 magnis
1828 2731 1954 2770 viri-

313 2796 435 2846 bus,
469 2796 624 2836 modo
655 2798 888 2837 strenue
920 2799 1110 2838 utaris
1142 2798 1214 2837 iis
1242 2797 1459 2837 viribus
1492 2807 1626 2845 quas
1658 2796 1766 2836 tibi
1799 2797 1954 2836 dedit

311 2864 527 2903 natura.
561 2863 723 2904 Graece
753 2863 1038 2904 balbutientis
1069 2867 1173 2904 sunt
1204 2875 1315 2913 quae
1347 2864 1539 2913 protulit.

254 2930 327 2969 Vs.
361 2930 461 2970 606.
495 2929 576 2969 Pro
608 2929 736 2985 χρόνῳ
768 2932 1026 2980 expectatur
1056 2931 1146 2971 fere
1177 2930 1262 2986 βίῳ.

253 2997 326 3036 νε.
361 2998 460 3036 612.
494 2997 575 3036 Pro
606 2997 766 3036 πλούτει
797 2999 1055 3047 expectatur
1089 2997 1250 3049 ὑβρίζου
1284 2999 1359 3037 aut
1390 2998 1552 3046 aliquid
1586 2997 1814 3036 eiusmodi.

253 3063 326 3102 Vs.
360 3064 459 3103 613.
494 3063 641 3103 Voluit
680 3064 816 3104 mise?
851 3066 1064 3104 versifex:
1108 3063 1206 3103 ἀλλὰ
1239 3062 1305 3103 καὶ
1337 3064 1502 3114 μεταδὸς
1534 3070 1601 3115 τῆς
1633 3069 1704 3114 σῆς
1737 3062 1952 3113 ἐπιστήμης

311 3133 389 3177 τοῖς
435 3130 584 3179 φίλοις,
634 3132 711 3171 sed
756 3132 960 3171 versiculi
1003 3132 1218 3181 angustiis
1258 3132 1493 3179 impeditus
1534 3142 1583 3171 ea
1623 3131 1796 3179 scripsit
1843 3140 1951 3178 quae

314 3198 388 3237 vix
418 3197 664 3247 intellegas.
