2216 3522
1058 200 1141 239 189

224 338 230 343 ·
272 319 358 362 Gur
387 322 584 371 quaeso?
612 345 664 350 —
693 322 767 363 Vs.
802 324 842 363 5.
875 323 1105 374 λυμαίνεται
1137 326 1330 375 passive,
1364 327 1414 365 ut
1444 325 1660 365 interdum
1692 324 1898 376 βιάζεσθαι
1931 328 1974 365 et

273 389 362 429 alia
386 389 521 429 verba
545 390 702 430 media.
725 413 776 419 ——
796 391 917 431 Kock
942 392 987 431 in
1015 392 1122 431 Mus.
1150 393 1290 432 Rhen.
1308 403 1345 432 a.
1369 393 1480 432 1888
1498 403 1537 441 p.
1557 394 1656 443 608,
1674 393 1769 432 coll.
1787 393 1898 432 Plut.
1918 394 1971 432 67

273 457 458 506 aliisque
488 457 614 517 locis,
648 461 874 508 proposuit
909 457 1135 512 <ὃ>λέγω,
1164 460 1207 500 τὸ
1239 461 1514 501 διδασκαλεῖον
1545 458 1656 511 ἡμεῖς
1682 461 1868 515 σῴζομεν,
1897 473 1976 501 nec

273 525 389 565 male
422 526 486 564 VS.
520 526 577 564 20
609 523 777 575 ἐννοεῖς,
808 522 839 567 ὦ
872 531 989 573 (cum
1021 529 1249 574 Meinekio)
1281 529 1485 580 φλήναφε;
1515 539 1592 578 pro
1623 524 1705 576 οἶος
1735 524 1771 567 εἶ
1798 543 1859 581 γε,
1889 529 1975 578 φίλ-

270 607 377 639 τατε;
423 594 537 642 quod
584 594 659 632 vix
700 595 942 636 tolerabile.
986 597 1148 636 Verum
1190 598 1332 637 eidem
1374 597 1579 637 assentiri
1616 607 1781 645 nequeo
1822 607 1886 636 vs,
1921 598 1975 635 23

274 671 351 710 pro
389 661 572 712 λάβωμεν
611 662 900 718 substituenti
942 662 1147 715 ἐλάβομεν,
1185 676 1260 713 pro
1302 675 1385 714 quo
1417 665 1709 713 requireretur
1740 663 1979 714 εἰλήφαμεν,

275 729 303 768 i.
335 739 372 768 e.
414 728 571 780 ἔχομεν,
612 731 657 769 et
697 728 758 768 ὅτε
800 742 876 780 pro
919 731 1003 781 ἵνα,
1041 743 1152 781 quae
1183 733 1222 771 si
1253 743 1462 782 reponere
1493 743 1666 772 mecum
1699 732 1975 782 reformidaS,

275 798 364 836 stat
407 797 516 836 mihi
557 798 687 836 vetus
726 799 947 838 sententia
985 801 1089 839 ante
1130 800 1245 839 hunc
1284 811 1462 856 versum
1504 801 1716 848 quaedam
1748 801 1975 840 excidisse.

275 863 396 903 Idem
424 863 545 903 Kock
571 865 599 903 l.
617 865 644 904 l.
680 876 835 905 versus
866 868 1159 907 audacissime
1190 869 1255 907 sic
1286 869 1478 918 disponit
1500 869 1887 908 10—-12,20—.23.
1910 870 1976 907 13.

281 933 347 971 14.
385 933 452 971 17.
485 934 550 971 15.
584 934 649 984 16.
677 934 743 973 18.
778 935 847 973 29.
882 936 951 974 24.
982 958 1036 962 —
1064 935 1139 975 Vs.
1173 937 1243 975 21.
1286 935 1394 975 Cum
1428 936 1491 974 Bi.
1525 932 1737 987 ἕπανέρχετ’
1774 938 1978 984 expectes

276 1011 352 1050 pro
382 996 614 1051 προσέρχετ’.
648 1023 702 1029 -
737 1002 809 1041 Vs.
847 1004 912 1042 15.
946 1003 1054 1052 Quid
1090 1004 1134 1042 in
1165 1002 1250 1042 fine
1282 1003 1494 1046 exciderIt
1524 1013 1702 1052 prorsus
1737 1005 1975 1051 incertum;

276 1067 403 1119 βαβαί
426 1069 611 1108 coniecit
637 1069 851 1119 Meineke‚
884 1069 923 1108 τί
949 1085 1050 1124 φῃς;
1083 1071 1160 1119 ΒΙ.,
1194 1071 1269 1109 sed
1301 1071 1387 1109 alia
1419 1071 1560 1110 multa
1590 1081 1727 1120 aequo
1759 1072 1853 1110 iure
1884 1082 1976 1120 pro-

274 1136 375 1185 poni
420 1137 604 1185 possint.
638 1159 691 1164 —
742 1137 816 1176 Vs.
863 1138 930 1176 17.
977 1136 1065 1188 περὶ
1110 1137 1270 1187 φύσεως
1314 1139 1409 1177 sine
1454 1138 1656 1188 articulo,
1704 1149 1833 1187 quem
1882 1139 1978 1178 addi

274 1203 393 1243 iubet
420 1204 504 1252 ΒΙ.,
536 1205 654 1243 recte
685 1214 733 1243 se
760 1205 916 1244 habere
946 1205 1010 1244 vel
1039 1205 1181 1244 muita
1206 1205 1564 1255 philosophorum
1586 1207 1722 1243 ΠΕΡΙ
1755 1204 1983 1246 ΦΤΟΕΩΟ

274 1272 437 1321 scripta
468 1274 703 1311 testantur.
739 1295 792 1300 —
825 1272 898 1311 Vs.
932 1273 1001 1312 29.
1040 1273 1350 1321 Recipiendum
1384 1283 1481 1312 esse
1513 1271 1618 1311 ἔσται
1649 1283 1725 1322 pro
1756 1271 1830 1311 ἐστι
1865 1274 1976 1319 (Mei-

275 1339 400 1385 neke)
434 1339 561 1379 docet
591 1350 901 1388 praegressum
931 1341 1130 1380 futurum
1163 1339 1349 1379 ἕπάνεισι.
1379 1363 1431 1369 -
1458 1341 1532 1380 Vs.
1566 1342 1622 1380 30
1655 1352 1718 1389 sq.
1752 1341 1975 1381 Traditum

278 1405 408 1444 πάντα
448 1409 599 1446 servat
640 1407 854 1456 Meineke‚
888 1408 1030 1448 deleto
1061 1407 1179 1458 φασί,
1211 1408 1287 1447 sed
1319 1409 1467 1448 nescio
1500 1418 1555 1447 an
1587 1409 1748 1447 rectius
1780 1409 1859 1458 ΒΙ.,
1892 1418 1976 1448 ser-

283 1476 386 1513 vato
426 1476 629 1524 utroque,
672 1475 837 1515 scribat
876 1473 1011 1514 πάντ’
1059 1474 1109 1515 ἐν
1149 1483 1349 1530 περιφορᾷ
1389 1487 1466 1526 pro
1507 1475 1556 1515 ἐν
1596 1482 1651 1530 τῇ
1682 1484 1889 1531 περιφορᾷ.
1923 1499 1975 1505 -

280 1541 352 1582 Vs.
373 1542 442 1581 35.
471 1542 604 1582 Recte
636 1543 880 1591 explicatur
910 1542 1174 1593 τυντλάζεται,
1199 1554 1338 1592 neque
1366 1554 1473 1592 opus
1495 1543 1713 1592 Blaydesii
1731 1544 1979 1583 coniectura

282 1610 523 1661 τυρβάζεται.
555 1632 612 1636 -
643 1610 721 1650 Vs..
752 1612 822 1650 39.
854 1609 1170 1662 καταβαλέσθαι,
1209 1611 1392 1651 verbum
1426 1612 1833 1661 architectonicum,
1866 1612 1979 1660 quod

279 1677 333 1717 de
363 1678 664 1717 fundamentis
694 1679 905 1726 ponendis
938 1680 1185 1727 usurpatur,
1202 1678 1401 1718 ·mirifice
1427 1689 1532 1718 sane
1556 1679 1597 1718 h.
1614 1679 1643 1718 l.
1661 1680 1853 1728 iungitur
1878 1690 1976 1719 cum

285 1755 388 1785 voce
420 1744 681 1794 τούπτάνιον,
721 1746 833 1794 quod
864 1744 973 1796 παρὰ
1004 1744 1249 1796 προσδοκίαν
1281 1756 1357 1795 pro
1388 1744 1431 1784 τὸ
1461 1743 1647 1795 θεμέλιον
1678 1746 1850 1785 illatum
1882 1756 1979 1785 eSSe

282 1814 409 1862 putat
450 1813 623 1852 Palmer
664 1813 777 1862 apud
818 1813 898 1859 BL,
942 1814 1035 1852 ioco
1077 1813 1271 1861 quidem,
1305 1813 1342 1851 si
1375 1813 1438 1851 ita
1469 1814 1552 1862 est,
1589 1813 1833 1862 perfrigido.
1880 1813 1979 1852 Ver·

281 1881 384 1920 bum
428 1880 718 1930 depravatum
750 1890 849 1919 esse
881 1880 1091 1919 existimo
1123 1890 1223 1919 curn
1255 1880 1438 1928 KockiO,
1473 1880 1548 1919 sed
1580 1881 1696 1919 iusto
1727 1880 1980 1929 violentius,

281 1948 379 1987 coll.
433 1947 668 1997 Hegesippi
714 1948 765 1986 fr.
817 1949 853 1997 1,
907 1949 972 1997 19,
1020 1947 1084 1986 Bi.
1132 1944 1386 1997 ἁρμόσασθαι
1442 1947 1683 1996 proposuit,
1725 1946 1826 1986 licet
1872 1948 1979 1986 eius-

282 2015 400 2055 modi
456 2015 679 2054 notionem
722 2016 870 2064 aptam
917 2025 1015 2054 esse
1061 2014 1188 2054 facile
1234 2014 1484 2054 concedam.
1529 2035 1579 2041 —
1624 2013 1697 2052 Vs.
1746 2014 1815 2053 42.
1863 2013 1980 2064 δεῦρο

280 2080 397 2121 κάκεῖ
421 2093 497 2131 pro
530 2081 649 2133 δεῦρο
675 2080 849 2132 κάκεῖσε,
883 2085 960 2121 aut
991 2082 1104 2130 quod
1132 2082 1429 2131 reponendum
1456 2081 1668 2128 hodieque
1696 2081 1840 2130 credo,
1875 2077 1975 2130 δεῦρ’

283 2148 421 2198 ἐκεῖσε,
467 2150 504 2190 si
551 2159 727 2199 sanum,
787 2152 857 2189 est
912 2150 1253 2189 hellenisticum.
1301 2149 1465 2188 Tuetur
1511 2149 1679 2187 Kontos
1726 2150 1873 2198 Ἀθηνᾶ
1920 2148 1981 2186 ΙΙΙ

285 2228 324 2267 p.
359 2218 458 2258 386.
494 2239 547 2245 -—-
582 2217 654 2256 Vs.
687 2218 757 2256 50.
791 2218 855 2257 Bl.
889 2218 963 2256 cft.
996 2218 1069 2265 Eq.
1105 2218 1175 2256 25.
1208 2217 1316 2256 Nub.
1351 2217 1450 2256 399.
1481 2238 1534 2243 —
1563 2215 1634 2254 Vs.
1670 2217 1738 2255 53.
1772 2213 1984 2271 ἐπανέντα,

282 2295 343 2325 sc.
386 2290 454 2336 τῆς
493 2282 647 2335 θέρμης
694 2287 739 2324 et
779 2282 929 2334 μέσως,
969 2285 1060 2324 scil.
1104 2283 1234 2334 θερμά
1275 2284 1466 2332 explicat
1505 2282 1704 2330 Blaydes.
1747 2282 1840 2321 Nisi
1870 2282 1982 2321 forte

287 2355 416 2402 poeta
445 2352 695 2402 oppositum
729 2352 866 2391 voluit
898 2349 1023 2401 μέσως
1054 2350 1253 2398 sequenti
1286 2349 1384 2396 &mg
1411 2348 1715 2397 (ἀποψύξαντα).
1740 2371 1789 2376 -
1820 2349 1893 2387 Vs.
1912 2351 1981 2388 55.

289 2419 574 2459 Probabiiiter
604 2418 725 2457 Kock
757 2419 865 2458 Mus.
899 2418 1034 2457 Rhen.
1068 2418 1145 2456 1.1.
1180 2417 1406 2467 proposuit
1436 2415 1620 2466 πείσθητι
1651 2414 1715 2454 καὶ
1748 2416 1876 2462 δείξας
1908 2426 1982 2464 pro

289 2486 345 2533 τίς
377 2485 427 2536 δή
459 2501 493 2524 τι
524 2485 776 2537 παραδείξας.

231 2617 504 2674 Euphronis
535 2618 586 2657 fr.
625 2619 661 2667 1,
697 2619 738 2658 6.

556 2684 718 2736 Νηρεὺς
750 2681 786 2723 δ’
824 2682 844 2722 ὁ
878 2686 976 2731 Χίος
1009 2683 1177 2736 γόγγρον
1210 2677 1309 2733 ἧψε
1341 2685 1448 2730 τοῖς
1479 2685 1643 2729 θεοῖς.

291 2755 385 2794 Non
428 2753 646 2802 intellego.
690 2752 898 2801 Proposui
940 2745 1071 2800 ἧψεν
1104 2748 1318 2796 ἰσοθέως
1350 2751 1376 2790 i.
1411 2761 1446 2789 e.
1481 2749 1715 2800 δαιμονίως,
1745 2749 1981 2798 egregie.

292 2822 366 2861 Vs.
399 2822 425 2860 9
473 2820 592 2860 Kock
635 2820 743 2859 Mus,
786 2819 923 2858 Rhen.
971 2819 1095 2867 1888,
1140 2829 1179 2867 p.
1212 2818 1295 2857 607
1340 2828 1513 2856 mecum
1555 2820 1846 2866 transponens
1886 2817 1985 2864 post

292 2900 356 2929 vs.
389 2890 429 2934 8,
477 2890 576 2937 post
619 2898 681 2926 vs.
719 2887 771 2925 10
817 2887 975 2926 statuit
1020 2887 1149 2925 unius
1191 2896 1346 2924 versus
1386 2885 1607 2934 lacunam,
1651 2884 1773 2923 cuius
1809 2883 1983 2922 initium

292 2957 424 2997 fuerit
456 2954 586 3004 ἐξεῦρε
618 2955 719 3001 (imo
751 2952 904 3004 ἕξηῦρε)
935 2954 1112 3000 καινούς.
1146 2953 1210 2992 Ad
1240 2953 1372 2992 verba
1398 2950 1477 2990 ἀπὸ
1504 2952 1716 3002 συμβολῶν
1742 2949 1983 3001 συνάγουσιν

293 3025 356 3064 Bl.
389 3023 495 3063 citat
525 3021 785 3071 Diphil.·43,
820 3021 875 3060 28
907 3018 986 3059 ἀπὸ
1017 3021 1228 3070 συμβολῶν
1260 3019 1493 3070 συνάγοντα.
1524 3041 1574 3046 -
1608 3018 1681 3057 Vs.
1719 3018 1783 3056 12.
1819 3017 1982 3055 Mecum

294 3091 357 3131 Bi.
390 3087 486 3141 ἡμῖν
517 3098 593 3138 pro
624 3085 748 3138 ἡμῶν.
783 3109 835 3115 -
870 3087 945 3126 VS.
984 3088 1047 3126 18.
1083 3087 1203 3125 Idem
1237 3085 1382 3124 ναῦταί
1410 3099 1511 3131 τινες
1543 3089 1633 3134 (pro
1666 3098 1781 3123 οιτινι
1813 3086 1883 3131 οι),
1916 3082 1983 3120 ad·

293 3158 430 3198 missa
454 3155 660 3195 Palmerii
686 3154 936 3194 coniectura
952 3151 1081 3193 πολιοὶ
1099 3164 1174 3203 pro
1191 3151 1339 3191 πολλοὶ.
1359 3174 1410 3180 -
1427 3152 1498 3191 Vs.
1518 3153 1586 3191 21.
1605 3151 1734 3191 Codd.
1753 3149 1835 3188 τότε
1861 3151 1984 3187 λευκω

294 3229 437 3275 κρεῶν,
477 3222 640 3262 Porson
683 3221 808 3276 Λύκῳ
848 3226 973 3271 κρεῶν
1014 3217 1103 3271 τότ’,
1133 3221 1197 3260 Bl.
1231 3215 1261 3259 ὦ
1289 3221 1418 3269 Λύκε,
1446 3225 1572 3270 κρεῶν
1603 3215 1688 3258 τότ’.
1724 3239 1773 3246 --
1810 3216 1880 3255 VS.
1916 3216 1984 3255 27.
