2216 3522
1084 219 1140 260 56

235 350 340 391 Post
370 350 421 390 rr.
459 351 541 390 133
584 348 872 398 Sophistis
914 347 1101 387 accessit
1137 346 1438 396 fragmentum
1480 357 1504 387 e
1543 346 1686 388 lexico
1726 345 1998 387 Messanensi

293 418 416 464 (Mus.
455 418 535 457 Rh.
574 417 698 466 1892,
733 427 772 466 p.
806 416 929 462 410):
973 410 1063 466 παρ’
1106 410 1128 452 ὃ
1159 412 1407 469 (χρησμῳδός
1437 412 1549 466 scil.)
1589 411 1656 454 καὶ
1698 411 1720 454 ὁ
1749 423 1995 466 χρηισμο·

294 482 507 535 δέληρος
533 482 576 523 ἕν
592 486 774 538 Σοφιστῇ
791 483 882 530 (sic)
902 482 1129 529 Πλάτωνος.
1147 481 1348 522 Correxit
1364 481 1486 522 Kock
1510 478 1805 538 χρησμφδέ,
1826 483 1997 534 λῆρος.

235 553 302 591 Fr.
340 553 435 592 136.
472 551 708 602 Προμήθεια
738 549 813 603 γάρ
854 550 990 590 etiarn
1022 550 1110 599 legi
1141 549 1254 599 apud
1286 548 1529 590 cedrenum
1561 549 1647 590 vol.
1679 549 1700 589 1
1731 560 1771 599 p.
1808 549 1906 600 144,
1942 547 1996 589 18

293 621 445 659 monet
484 619 651 668 Nauck,
694 618 922 659 conferens
963 617 1106 658 Schol.
1148 616 1305 657 Aesch.
1348 617 1495 657 Prom.
1540 617 1623 657 120
1655 628 1696 667 p.
1732 617 1829 668 186,
1865 617 1917 658 17
1950 618 1997 658 et

292 686 477 727 Dindorf
517 698 557 736 p.
599 686 691 726 XV.
739 686 803 726 Bl.
850 695 1021 735 quoque
1067 685 1160 725 iure
1201 684 1392 734 praefert
1430 682 1640 725 Dindorfii
1682 684 1999 725 correctionem

296 754 515 805 Προμηθία
546 754 632 806 γάρ.
1714 798 1716 801 f

234 822 301 861 Fr.
340 823 436 862 137.
469 821 575 862 Coll.
607 820 800 861 Timocle
831 820 895 860 ΙΙΙ
928 820 1011 860 591
1047 819 1100 860 Μ.
1132 818 1299 872 γαλεοὺς
1330 817 1398 859 καὶ
1428 819 1614 871 βατίδας,
1652 819 1717 860 Bl.
1749 818 1998 869 suspica-tur

292 890 568 929 Athenaeum
607 890 769 929 vitiosa
804 888 1021 937 scriptura
1061 887 1294 937 deceptum
1325 885 1528 940 λειόβατος
1560 883 1632 941 (cf.
1664 887 1865 934 Photius)
1894 886 1998 927 scri·

292 957 432 1006 psisse
472 967 548 1007 pro
583 951 609 1011 ᾖ
650 955 782 1009 βατίς,
820 957 897 995 aut
928 956 1045 995 certe
1076 954 1297 1007 λειοβάτης.
1330 954 1410 1005 Qui
1440 955 1551 995 mihi
1580 955 1758 1005 quidem
1789 963 1877 995 non
1906 963 1999 1005 per·

291 1024 447 1064 suasit.
491 1024 615 1064 Unde
661 1033 822 1073 quaeso
864 1022 1047 1062 Photius
1087 1022 1239 1063 eiusve
1277 1024 1430 1063 auctor
1468 1024 1653 1063 noverat
1687 1020 1757 1062 τὸν
1792 1020 2000 1075 λειόβατον

291 1100 388 1131 esse
419 1091 612 1131 similem
644 1098 691 1147 τῇ
717 1091 864 1146 νάρκῃ,
893 1092 971 1130 aut
1002 1090 1258 1131 Athenaeus
1289 1090 1476 1131 eundem
1507 1090 1645 1131 fuisse
1673 1101 1725 1131 ac
1755 1089 1896 1143 ῥίνην,
1923 1089 2000 1140 qui

286 1159 428 1208 pisces
473 1162 556 1207 ταῖς
602 1158 733 1211 βατίσι
774 1160 880 1199 sunt
912 1158 1233 1199 dissimillimi?
1265 1158 1353 1198 Nec
1382 1158 1573 1199 fortasse
1603 1168 1765 1199 nomen
1794 1156 1999 1210 λειόβατος

287 1226 459 1266 ducitur
490 1237 516 1267 a
546 1227 679 1267 verbo
710 1225 885 1279 βαίνειν,
915 1226 992 1266 sed
1024 1226 1229 1266 cohaeret
1259 1236 1360 1266 cum
1392 1226 1573 1266 nomine
1603 1225 1727 1278 βατίς.

231 1295 298 1333 Fr.
332 1294 427 1333 138.
456 1295 519 1334 Bl.
556 1295 816 1345 impugnata
856 1294 1012 1334 Kockii
1038 1294 1310 1334 dubitatione
1335 1294 1388 1335 de
1413 1293 1535 1335 brevi
1565 1294 1738 1344 syllaba
1766 1295 1871 1335 ante
1895 1291 1928 1346 ἶ
1956 1294 2002 1334 in

287 1362 513 1403 comoedia
543 1373 630 1402 non
662 1363 891 1413 producta,
930 1372 1069 1402 unum
1100 1362 1207 1402 facit
1238 1372 1415 1403 versum
1463 1362 1599 1403 verba
1628 1360 1672 1402 ἐν
1701 1360 1829 1414 τρισὶν
1858 1363 2000 1403 trans·

290 1431 486 1480 ponendo
533 1432 632 1480 post
677 1429 855 1482 ῥάμφος,
900 1430 1038 1471 silens
1080 1430 1133 1470 de
1173 1440 1256 1470 usu
1302 1430 1640 1480 praepositionis
1679 1427 1723 1469 ἐν
1762 1440 1799 1471 c.
1838 1430 1880 1471 d.
1922 1439 2001 1481 pro

289 1498 478 1549 simplici
511 1498 659 1538 dativo
691 1498 1040 1548 instrumentali,
1077 1498 1151 1547 qui
1177 1508 1286 1538 sane
1313 1508 1420 1538 usus
1447 1498 1589 1547 poetis
1604 1498 1866 1547 praesertim
1892 1497 2005 1539 satis

289 1566 520 1606 familiaris
551 1577 658 1607 num
699 1568 743 1607 in
775 1566 1001 1607 comoedia
1030 1566 1135 1606 ferri
1166 1566 1308 1616 possit
1347 1576 1448 1607 cum
1480 1565 1646 1607 Kockio
1678 1566 1805 1606 valde
1835 1564 2002 1606 dubito.

291 1634 335 1673 Si
366 1644 524 1674 sanum
557 1636 626 1674 est
656 1633 718 1685 ἐν,
752 1634 941 1674 fortasse
972 1634 1075 1674 inde
1106 1633 1440 1686 explicandum,
1474 1634 1587 1684 quod
1627 1631 1671 1673 ἐν
1700 1631 1801 1687 τρισὶ
1833 1635 2005 1686 πληγαῖς

290 1702 360 1741 hic
391 1703 458 1741 est
489 1702 753 1752 temporale,
783 1702 910 1751 quasi
943 1699 985 1740 ἐν
1017 1707 1143 1756 μικρῷ
1173 1699 1314 1757 χρόνῳ.

232 1770 299 1808 Fr.
338 1770 433 1819 153,
467 1770 508 1808 4.
551 1770 826 1810 Adversatus
868 1769 1021 1810 Kockii
1061 1770 1338 1810 coniecturae
1379 1766 1561 1823 ἐπανίησ’
1602 1771 1797 1821 primum
1834 1769 2001 1810 conieci

292 1835 436 1887 ἵησιν
467 1834 570 1875 ἅνω
596 1833 633 1884 ’ς
663 1835 785 1887 μέσον
815 1835 934 1884 ἑστώς
971 1837 1128 1877 deinde
1159 1838 1503 1887 anapaestorum
1530 1838 1710 1879 licentia
1732 1836 1863 1890 (quod
1886 1847 2005 1878 nunc

292 1904 397 1943 facit
436 1914 605 1953 quoque
641 1905 721 1951 Bl.)
763 1905 990 1945 excusavi.
1031 1904 1095 1945 Bl.
1128 1906 1280 1945 tamen
1314 1906 1459 1946 tentat
1495 1904 1550 1953 εἰς
1588 1921 1627 1957 μ.
1658 1903 1778 1953 ἑστὼς
1808 1902 2003 1957 ὄστρακον

292 1970 427 2018 αὐτοῖς
466 1970 662 2018 (αὐτῶνῖ)
701 1970 874 2024 ἀνίησιν.
902 1994 957 2002 -
985 1972 1061 2013 VS.
1096 1974 1121 2013 5
1165 1973 1217 2013 de
1258 1972 1421 2028 πίπτῃσι
1455 1973 1630 2014 Nauck:
1666 1972 1850 2023 „Nullus
1879 1972 2004 2014 100118

291 2049 385 2078 rem
412 2039 611 2089 probat.”
637 2040 825 2080 afferens
850 2042 1002 2080 tamen
1027 2039 1181 2095 θύῃσιν
1207 2041 1281 2080 Ar.
1309 2041 1391 2081 Av.
1421 2042 1521 2092 567,
1546 2041 1623 2082 sed
1649 2040 1810 2081 additis
1834 2039 2002 2081 verbis:

296 2108 360 2156 „si
387 2107 495 2147 haec
527 2108 730 2148 Meinekii
763 2109 1018 2149 coniectura
1047 2108 1223 2159 probari
1254 2109 1441 2159 possit.'’

235 2175 301 2214 Fr.
339 2176 434 2215 154.
468 2175 533 2215 Bl.
565 2172 590 2227 ἡ
618 2172 654 2224 ’ξ
688 2175 895 2228 Ἀρκαδίας
935 2190 1011 2216 τοι
1052 2179 1170 2223 (cum
1211 2177 1421 2223 Porsono)
1462 2175 1682 2229 δριμυτάτη
1710 2171 1779 2215 ’στ’
1815 2172 2004 2229 ὀρίγανος

292 2245 370 2282 aut
396 2240 436 2290 ἐξ
468 2245 515 2281 Ἀ.
547 2242 640 2294 τὴν
670 2243 916 2295 δριμυτάτην
948 2241 1153 2296 ὀρίγανον.

235 2309 302 2349 Fr.
338 2311 434 2350 164.
476 2310 710 2365 πολινδορίᾳ
751 2312 843 2358 (sic)
885 2311 950 2351 Bl.
993 2311 1143 2351 Voluit
1178 2321 1286 2352 sane
1316 2311 1578 2366 παλινδορίᾳ,
1607 2322 1721 2362 quae
1752 2310 2007 2352 necessaria

293 2379 361 2416 est
392 2378 659 2428 emendatio,
693 2388 827 2427 quam
859 2378 1101 2428 permirum
1133 2380 1202 2419 est
1232 2379 1476 2430 neminem,
1508 2379 1622 2429 quod
1639 2375 1799 2430 sci'am,
1831 2378 2003 2420 recisse.

293 2444 342 2483 In
390 2444 584 2485 Crameri
631 2446 793 2486 Anecd.
851 2446 967 2486 idem
1021 2456 1100 2496 pro
1146 2444 1407 2499 εἰργασμένον
1456 2446 1643 2487 coniecit
1688 2443 2008 2500 ἕπερραμμὲνον,

294 2512 453 2552 calceis
483 2513 578 2553 scil.
612 2513 673 2554 Ci’.
708 2514 889 2554 Porsoni
921 2513 1158 2563 explicatio
1190 2514 1304 2564 apud
1337 2514 1567 2555 Kockium.

236 2578 303 2618 Fr.
341 2580 437 2629 166,
471 2582 511 2621 3.
544 2579 594 2620 οὐ
626 2580 701 2633 γὰρ
732 2580 865 2634 λαγὼν
898 2581 962 2622 Bi.
996 2583 1042 2621 et
1076 2592 1140 2622 vs.
1174 2583 1200 2622 5
1234 2581 1472 2634 κούδαμῶς,
1502 2583 1635 2632 atque
1666 2581 1766 2623 alia.

235 2645 302 2685 Fr.
341 2648 436 2697 168,
465 2648 504 2688 4.
538 2648 599 2688 De
630 2649 773 2690 forma
803 2646 908 2697 ὀλίος
941 2650 1039 2690 vide
1070 2659 1182 2699 quae
1212 2650 1369 2700 scripsi
1400 2650 1444 2690 in
1476 2650 1663 2690 lexico
1693 2659 1794 2690 meo
1824 2648 2003 2700 suppl.

294 2723 329 2753 s.
364 2724 404 2753 v.
438 2726 534 2765 pag.
568 2717 655 2756 580
687 2727 751 2766 sq.

237 2780 267 2818 F
271 2791 303 2820 r.
341 2783 437 2831 169,
473 2784 512 2823 2.
547 2783 762 2824 Headlam
794 2783 892 2824 ὥστε
927 2782 1208 2832 <mittaturne
1235 2782 1315 2837 ἤδη
1337 2781 1415 2824 ’στι
1435 2782 1763 2833 κ>ἀθλιώτατος.
1785 2783 2006 2825 Debuerat
2082 2783 2088 2786 '¹

294 2848 454 2889 saltem
495 2848 861 2900 κάλεέστατος,
902 2851 1120 2901 positivus
1162 2852 1280 2892 enim
1323 2850 1441 2903 ἀλεής
1478 2853 1565 2903 est,
1606 2862 1695 2893 non
1725 2850 1852 2901 ἀλαός.
1883 2851 2003 2894 Gete-

295 2926 391 2955 rum
425 2918 651 2967 ingeniosa
682 2921 752 2959 est
782 2920 1047 2960 coniectura.

238 2982 305 3022 Fr.
343 2985 439 3024 171.
482 2985 611 3026 Certa
652 2987 825 3027 videtur
864 2987 1050 3027 Dobraei
1093 2987 1318 3028 correctio.
1360 2988 1596 3038 Perperam
1638 2987 1703 3028 Bl.
1740 2986 1929 3038 φυλλιΐόν
1968 3001 2005 3027 τι

294 3048 517 3101 ῥαφανίδος
548 3055 624 3093 aut
654 3050 811 3104 φυλλεῖ’
839 3051 953 3094 ’ἄττα
986 3053 1224 3106 ῥαφανίδων
1256 3055 1477 3106 proponit,
1510 3064 1597 3095 non
1629 3056 1840 3105 reputans
1872 3054 2002 3095 Athe·

298 3119 394 3159 nasi
429 3121 561 3160 verba
592 3120 1018 3174 ὑποκοριστικῶς
1050 3122 1182 3175 εἴρηκε
1213 3120 1290 3162 κτέ.

239 3185 306 3225 Fr.
344 3187 439 3236 173,
473 3188 512 3227 8.
546 3185 614 3227 ἐστ’
651 3188 774 3229 αὐτὸν
804 3201 881 3241 pro
914 3188 1083 3230 ἐνταῦθὶ
1114 3190 1179 3231 Bl.
1211 3191 1360 3232 nescio
1392 3201 1448 3231 an
1480 3192 1612 3232 recte.
1644 3212 1694 3218 —
1722 3189 1797 3231 Vs.
1824 3191 1877 3232 15
1907 3189 2005 3231 sine

298 3264 432 3294 causa
472 3255 588 3296 idem
628 3259 758 3312 πολλῷ
802 3269 878 3308 pro
918 3258 1041 3309 epico
1082 3256 1231 3298 πολλὸν
1262 3258 1315 3299 de
1347 3258 1563 3299 industria
1593 3257 1787 3299 adhibito
1818 3268 1846 3298 a
1874 3258 2006 3308 poeta
