2216 3522
1061 211 1143 248 159

212 333 282 373 Fr.
316 334 401 374 203
419 344 458 374 a.
487 335 818 376 Violentissime
845 336 909 376 Bl.
938 335 1090 383 δίκαιος
1111 359 1163 364 -
1181 334 1294 388 ἀνήρ.
1323 337 1465 376 Teneo
1493 335 1605 384 quod
1631 337 1834 385 proposui
1857 336 1976 375 olim.

212 401 282 441 Fr.
315 402 415 452 211,
439 404 475 442 1.
510 402 554 441 τὰ
581 406 698 444 recte
725 404 889 444 delevit
915 404 1139 454 Hirschig,
1170 404 1254 444 nisi
1281 404 1393 444 forte
1420 404 1652 453 legendum
1680 402 1704 453 ἢ
1727 416 1777 454 γε
1804 408 1978 442 τοιαῦτα.

211 468 279 508 Fr.
314 470 398 509 213
417 480 455 509 a.
505 471 730 512 Menandri
770 472 975 512 Herois
1016 472 1176 522 prodiit
1209 483 1231 512 e
1263 472 1405 512 lexico
1449 471 1694 510 Sabbaitico
1726 482 1766 520 p.
1800 472 1841 519 4,
1880 472 1916 510 1.
1951 471 1976 509 2

276 536 359 577 hoc
390 538 713 588 fragmentum:

365 604 459 645 νυνὶ
490 603 533 645 δὲ
561 611 642 654 τοῖς
675 607 714 655 ἐξ
745 605 882 655 ἄστεος
913 606 1150 660 κυνηγέταις

365 671 555 723 ἥκουσι
587 675 694 721 (cod.
727 675 895 722 οἰκοῦσι)
927 675 1219 728 περιηγήσομαι
1249 674 1317 723 τὰς
1349 672 1577 726 ὀργάδας
1608 673 1716 719 (cod.
1747 671 1949 724 ἀχράδας).

275 741 326 780 ut
354 742 643 782 emendarunt
672 743 1004 793 Pappadopulus
1034 746 1079 784 et
1109 744 1231 784 Kock
1261 743 1372 790 (coll.
1406 742 1603 791 Xenoph.
1636 741 1797 790 Cyneg.
1826 741 1867 780 X
1898 741 1977 793 19),

276 808 350 857 qui
380 811 607 858 praeterea
636 814 754 851 recte
785 812 912 851 malit
943 809 1101 858 ἄστεως.
1134 811 1196 851 Cf.
1230 807 1478 851 Meisterh.³
1509 821 1549 858 p.
1586 809 1682 848 138.

217 874 286 915 Fr.
319 876 420 927 223,
458 878 524 917 10.
566 893 623 925 τις
655 874 680 931 ᾖ
711 889 790 928 pro
821 877 916 934 γένῃ
959 881 1077 919 recte
1109 879 1276 928 Nauck,
1319 879 1392 927 qui
1426 888 1489 917 vs,
1528 878 1576 916 11
1613 876 1799 916 coniecit
1829 873 1979 925 ἐντιμό-

275 957 386 994 τερος
426 942 579 995 πέφυκε
621 951 691 985 τοῦ
731 945 937 996 κακίονας,
977 957 1090 995 quae
1122 947 1327 995 quamvis
1358 945 1552 994 vulgatis
1583 943 1853 992 elegantiora
1883 944 1978 982 sub-

277 1011 463 1051 stituere
493 1023 580 1053 non
613 1014 771 1053 ausim.
802 1037 852 1042 —
883 1014 956 1053 Vs.
994 1015 1060 1054 17.
1094 1014 1287 1063 Recepta
1317 1024 1343 1053 a
1373 1013 1539 1053 Kockio
1571 1011 1703 1051 lectio
1738 1010 1845 1061 τρίτα
1880 1008 1979 1062 λέγει

278 1079 512 1119 articulum
554 1081 791 1131 desiderat,
834 1092 968 1130 quare
1009 1082 1074 1121 Bl.
1117 1081 1275 1121 merito
1316 1080 1508 1130 praefert
1537 1079 1771 1118 lectionem
1812 1077 1859 1116 τὰ
1889 1074 1976 1129 τρίτ’

277 1143 364 1197 ἔχει.
398 1169 451 1174 -
485 1147 559 1187 VS.
596 1148 663 1188 19.
697 1149 879 1188 Temere
910 1149 1028 1189 idem
1060 1146 1406 1198 ἐπιφανεστέρους.

219 1212 288 1252 Fr.
322 1214 421 1254 226.
468 1215 591 1255 Kock
636 1215 781 1266 μεστὴν
827 1227 912 1269 pro¹
949 1214 1086 1268 μέσως.
1128 1216 1236 1256 Vide
1275 1218 1428 1255 tamen
1470 1224 1615 1254 annon
1656 1211 1781 1263 μέσως
1813 1213 1979 1263 μεθύειν

278 1281 363 1321 dici
402 1284 594 1331 potuerit
632 1284 706 1332 qui
745 1294 825 1324 nec
865 1284 1037 1324 sobrius
1077 1284 1166 1323 iam
1208 1284 1269 1323 sit
1310 1283 1495 1323 necdum
1539 1282 1703 1330 ebriuS,
1735 1281 1810 1320 sed
1842 1277 1979 1330 ἡμιμέ-

278 1352 418 1396 θυσος.
450 1351 545 1390 Vid.
578 1351 831 1392 Thesaurus
862 1363 897 1392 s.
931 1363 972 1392 v.
1005 1349 1143 1403 μέσως.

220 1416 288 1456 Fr.
322 1418 422 1457 227.
455 1415 534 1457 ἀπὸ
566 1424 745 1470 μηχανῆς
775 1417 850 1470 γὰρ
882 1418 1085 1470 έπεφάνης
1115 1415 1213 1469 ἡμῖν
1243 1417 1351 1464 θεός.
1383 1418 1447 1457 Bl.

221 1484 290 1524 Fr.
326 1486 425 1525 237.
458 1485 574 1526 Citat
605 1487 750 1527 locum
782 1487 1065 1527 Philodemus
1096 1482 1148 1526 de
1180 1487 1351 1526 musica
1382 1486 1447 1525 ed.
1480 1485 1650 1525 Kemke
1681 1495 1720 1535 p.
1754 1486 1810 1524 80
1836 1495 1900 1533 sq.
1931 1486 1979 1524 ut

280 1554 454 1592 monuit
484 1554 635 1594 Nauck
666 1555 763 1595 Mel.
796 1555 854 1594 VI
886 1566 925 1605 p.
963 1556 1060 1595 110.

222 1619 291 1659 Fr.
325 1620 425 1661 238.
473 1621 645 1661 Nauck:
688 1620 821 1669 ἄσιτος
867 1620 952 1661 ἕνα
992 1618 1098 1673 μῆν’
1143 1621 1288 1668 ὕδατος
1337 1616 1508 1661 <οὐδὲ>
1549 1615 1702 1671 στράγγ’
1746 1617 1858 1670 ἔχων,
1904 1621 1981 1658 aut

278 1683 427 1739 ἡμέρας
455 1686 462 1739 Ι
489 1684 566 1727 ἕπτ’
601 1686 658 1728 ὢν
689 1687 841 1739 ἄσιτος,
869 1688 944 1729 κτὲ.
977 1691 1210 1730 Praeterea
1240 1687 1529 1738 expectabam
1562 1685 1659 1725 ἰδὼν
1689 1697 1765 1736 pro
1796 1685 1905 1738 ἔχων.

221 1754 289 1794 Fr.
324 1755 423 1805 245,
453 1757 492 1796 7.
526 1762 605 1795 τῶν
635 1759 745 1796 θεῶν
777 1758 847 1798 vel
878 1763 948 1797 τοῦ
980 1757 1072 1809 βίου
1104 1757 1169 1797 Bl.

221 1821 290 1862 Fr.
324 1823 423 1872 247,
459 1824 497 1863 2.
541 1824 754 1864 Richards
794 1827 966 1879 λογισμῷ
1007 1830 1077 1864 τοῦ
1120 1821 1339 1863 διαθέσθαι
1374 1822 1604 1874 πράγματα,
1638 1824 1685 1861 at
1710 1820 1980 1861 intolerabile

277 1890 320 1929 id
361 1890 475 1930 foret
515 1891 786 1941 hyperbaton
827 1903 903 1942 pro
943 1898 1014 1931 τοῦ
1050 1895 1222 1946 λογισμῷ
1255 1888 1486 1930 διαθέσθαι.
1517 1891 1605 1930 Nec
1636 1892 1787 1929 tamen
1817 1888 1981 1928 sufficit

278 1967 379 1996 cum
409 1958 644 2007 Blaydesio
675 1962 886 2009 punctum
918 1970 1078 2009 ponere
1124 1961 1225 2009 post
1263 1961 1475 2010 λογισμοῦ,
1514 1957 1656 1997 deleto
1698 1957 1851 1996 eodem
1883 1958 1980 2005 post

277 2025 497 2077 πράγματα.
529 2027 783 2076 Legendum
815 2028 1034 2077 suspicor:

589 2093 664 2133 οὐκ
695 2093 799 2133 ἔστιν
830 2093 968 2145 οὐδέν,
998 2094 1138 2146 πάτερ,
1169 2092 1211 2133 ἐν
1242 2091 1465 2144 ἀνθρώπου
1496 2092 1615 2142 φύσει

588 2163 720 2212 μεῖζον
751 2165 961 2214 λογισμοῦ,
991 2168 1043 2216 τῷ
1062 2159 1120 2201 ,δὲ
1149 2159 1300 2200 θέσθαι
1331 2156 1523 2212 πράγματ’
1559 2153 1603 2198 εὖ

592 2228 754 2277 ἕκαστός
785 2228 863 2268 ε’στι
894 2228 962 2268 καὶ
991 2229 1232 2282 λογίσασθαι
1262 2226 1362 2267 κατὰ
1393 2226 1540 2279 τρόπον

593 2294 743 2348 ἄρχων,
773 2296 1006 2349 στρατηγός,
1035 2294 1109 2335 κτὲ.

226 2363 291 2402 Fr.
325 2364 424 2413 249,
459 2366 498 2404 5.
531 2364 681 2404 Nauck
711 2367 793 2411 τοῖς
823 2362 1127 2415 θρυλουμένοις.
1158 2364 1273 2402 Num
1303 2372 1412 2412 opus
1443 2362 1543 2401 est?

225 2431 293 2470 Fr.
326 2431 425 2481 252,
463 2434 498 2471 1.
531 2431 746 2483 προχείρως
777 2432 944 2481 Nauck,
979 2432 1056 2471 sed
1086 2431 1187 2480 quid
1219 2431 1263 2469 in
1298 2429 1520 2480 προθύμως
1552 2427 1888 2478 vituperandum
1921 2428 1980 2466 sit

284 2508 371 2538 non
412 2499 556 2548 video,
600 2500 861 2548 praesertim
901 2500 939 2538 si
976 2509 1076 2538 cum
1108 2498 1273 2538 Kockio
1304 2497 1636 2546 transponimus
1666 2494 1708 2534 τὸ
1740 2493 1793 2545 μὴ
1824 2495 1979 2544 προθύ-

283 2580 365 2615 μως
395 2564 481 2618 γὰρ.
513 2566 576 2606 Bl.
609 2564 811 2617 ἀδοκήτως
841 2576 1085 2616 proponens
1116 2565 1280 2605 nemini
1311 2564 1599 2614 persuadebit.

226 2631 293 2671 Fr.
327 2633 426 2672 254.
681 2632 803 2673 ἐδεῖτο
834 2638 977 2685 χρῆσαι
1007 2631 1079 2683 τὴν
1111 2637 1277 2682 σεαυτῆς
1309 2628 1511 2683 θυγατέρα

683 2699 940 2752 ἀντάλλαγον.

283 2767 332 2806 In
366 2768 670 2808 vetustissimo
695 2768 841 2808 codice
872 2766 1231 2816 Petersburgensi
1261 2766 1437 2815 legitur:

683 2834 806 2875 ἐδεῖτο
837 2851 857 2886 χ
898 2850 1447 2866 ιιιιιιι

682 2900 849 2941 ἄπωθεν
890 2919 904 2933 ·
978 2919 992 2932 ·
1068 2920 1082 2934 ·
1156 2918 1171 2934 ·
1236 2899 1493 2952 ἀντάλλαγον.

285 2969 402 3019 Quae
434 2970 554 3009 Kock
587 2970 630 3009 in
663 2970 771 3010 Mus.
803 2970 940 3010 Rhen.
974 2970 1044 3019 93,
1079 2970 1163 3009 236
1197 2970 1259 3008 sic
1290 2968 1506 3017 explevit:

683 3035 806 3076 ἐδεῖτο
836 3039 1028 3089 χ[ρῆσθαι
1059 3035 1130 3086 τὴν
1162 3040 1328 3086 σεαυτῆς
1361 3031 1577 3086 θυγατέρα]

684 3102 850 3143 ἄπωθεν
884 3102 1022 3155 [οὔσης
1052 3109 1120 3155 τῆς
1153 3103 1272 3150 ἰδίας]
1307 3101 1564 3153 ἀντάλλαγον.

285 3172 448 3222 Quibus
480 3174 529 3211 ut
560 3171 688 3221 plena
718 3172 778 3211 sit
808 3171 1046 3220 sententia,
1079 3170 1357 3220 praefigenda
1391 3170 1593 3209 videntur
1636 3166 1766 3207 verba
1797 3165 1903 3220 αὐτῷ
1936 3163 1980 3203 δέ

287 3245 371 3279 σοῦ.
410 3239 539 3286 (Sibi
582 3242 647 3284 te)
690 3238 925 3287 rogabat
962 3241 1020 3277 ut
1052 3240 1201 3277 tuam
1233 3237 1415 3277 filiam
1449 3238 1696 3276 mutuam
1729 3235 1893 3274 dares
1927 3234 1978 3271 iu
