2216 3522
1054 213 1135 250 125

206 331 279 370 Fr.
317 332 413 371 123.
446 332 671 373 Tractavit
700 334 777 374 Bl..
797 345 838 384 p.
876 336 972 376 159.

207 397 280 438 Fr.
317 399 412 449 124,
451 401 488 439 1.
537 422 540 424 *
1083 397 1164 454 ἧψέ
1195 419 1262 454 μοι
1294 404 1457 443 δοκεῖ.

565 467 731 507 πνικτόν
761 483 797 507 τι
829 467 963 518 ὄψον
995 470 1243 520 δελφάκειον.
1275 473 1410 510 ΓΑΝ.μ
1434 468 1514 522 ἡδύ
1544 486 1598 524 γε.

265 533 375 583 Quia
399 531 505 583 ὄψον
536 535 589 574 ab
622 536 691 575 his
722 537 863 586 poetis
889 548 975 577 non
1001 538 1115 578 solet
1140 538 1336 578 adhiberi
1363 539 1416 578 de
1443 549 1590 589 carne,
1619 540 1695 579 sed
1714 540 1968 590 plerumque

266 601 319 641 de
360 603 569 653 piscibus,
611 605 754 644 rarius
794 605 847 644 de
886 605 1198 655 leguminibus,
1242 607 1588 646 consideratione
1618 608 1805 656 quadam
1839 609 1970 659 digna

267 671 336 709 est
366 670 483 711 iusto
515 671 720 711 audacior
749 672 970 721 Blaydesii
1002 674 1252 713 coniectura

1099 735 1180 791 ἧψέ
1209 755 1276 791 μοι
1307 739 1461 792 κρέας

622 806 789 846 πνικτόν
820 822 854 846 τι
890 804 1047 858 <ἡὸὺ>
1085 808 1332 858 δελφάκειον.

266 871 338 912 Vs.
366 873 406 912 8.
439 873 648 924 Requiro‚
681 876 731 914 ut
762 875 967 925 antehac,
1002 872 1142 926 νοτίδ’,
1172 873 1254 914 ἐπεὶ
1286 873 1525 926 ζυμουμένη.

206 939 275 978 Fr.
311 940 407 990 125,
441 941 481 980 9.
617 939 830 981 κάνταῦθα
860 941 926 981 καὶ
957 947 1083 994 γραῦς
1113 941 1180 981 καὶ
1211 941 1336 995 γέρων
1367 941 1435 982 καὶ
1465 943 1628 982 παιδίον

622 1007 853 1058 [πεμφθεὶς]
887 1008 1058 1056 ἅπαντες
1090 1008 1334 1062 ἀγοράσουσι
1364 1009 1464 1049 κατὰ
1495 1014 1657 1061 τρόπον.

262 1073 414 1114 Deleto
456 1075 619 1114 veteris
659 1076 840 1116 lacunae
876 1077 1204 1127 supplemento,
1239 1077 1405 1127 corrige
1443 1075 1821 1129 <ἁπαξ>ἀπαντες,
1851 1081 1964 1128 quod

263 1141 353 1180 iam
385 1142 449 1181 Bl.
483 1143 609 1182 video
640 1144 896 1192 repperisse.

203 1207 273 1248 Fr..
310 1209 407 1258 127,
446 1212 481 1249 1..
516 1211 623 1249 Ach.
656 1212 756 1251 345.
790 1211 844 1262 μή
876 1225 943 1262 μοι
973 1210 1177 1262 πρόφασιν
1210 1212 1283 1252 cst.
1312 1212 1391 1262 Bl.‚
1419 1213 1493 1261 qui
1521 1222 1585 1252 vs,
1614 1214 1639 1252 3
1668 1215 1785 1253 recte
1812 1214 1964 1263 probat

262 1276 452 1317 Pollucis
483 1277 716 1317 lectionem
744 1275 877 1329 ὀρθῶς
902 1290 957 1330 γε·
983 1284 1156 1330 πρῶτον,
1191 1289 1302 1318 nam1
1320 1278 1363 1318 τὸ
1390 1285 1549 1330 πρῶτον
1581 1290 1667 1319 non
1695 1282 1764 1319 est
1788 1281 1965 1330 primo

262 1343 404 1394 loco,
450 1345 525 1384 sed
567 1346 747 1394 prima
789 1347 934 1396 vice,
980 1347 1091 1396 quod
1132 1347 1203 1386 hic
1245 1356 1377 1386 sensu
1421 1349 1551 1387 caret.
1596 1347 1808 1387 Similiter
1841 1359 1904 1388 vs.
1938 1349 1963 1388 8

261 1411 419 1452 Pollux
444 1422 596 1452 veram
629 1413 862 1454 lectionem
894 1412 1033 1465 πέπερι
1058 1415 1272 1464 servavit,
1302 1417 1478 1464 propter
1503 1415 1647 1464 ipsam
1673 1416 1786 1454 hanc
1813 1426 1962 1456 vocem

260 1479 559 1529 fragmentum
600 1481 805 1532 afferens,
839 1492 916 1531 pro
948 1480 1091 1530 σέσελι,
1122 1483 1235 1531 quod
1266 1492 1482 1530 nusquam
1514 1482 1555 1520 in
1595 1483 1817 1523 comoedia
1848 1493 1962 1532 repe-

258 1547 383 1597 ritur,
431 1549 480 1588 ut,
526 1548 643 1588 idem
688 1549 753 1588 Bl.
800 1549 1020 1588 observat.
1068 1548 1178 1588 Cum
1226 1549 1378 1588 eodem
1425 1548 1578 1588 malim
1621 1559 1686 1588 vs.
1730 1550 1770 1588 6.
1812 1549 1963 1588 καυλὸν

222 1624 237 1631 ·
259 1615 432 1665 σιλφίου.
453 1638 504 1644 -
525 1617 600 1656 Vs.
630 1618 653 1656 7
680 1617 763 1656 Pro
790 1610 892 1655 αὖον
923 1617 1049 1656 hodie
1081 1627 1168 1656 non
1200 1620 1249 1655 ut
1281 1616 1386 1656 olim
1413 1614 1521 1666 ὄξος,
1552 1616 1628 1655 sed
1655 1616 1794 1655 multo
1821 1616 1964 1656 lenius

195 1709 198 1713 -
261 1682 362 1737 ᾠόν
403 1685 588 1734 conicio,
632 1685 745 1733 quod
778 1684 976 1724 Alexidis
1007 1684 1058 1723 fr.
1098 1685 1206 1733 174,
1230 1684 1268 1733 8,
1303 1685 1353 1722 ut
1383 1683 1424 1722 h.
1457 1683 1504 1733 1.,
1539 1693 1638 1722 cum
1670 1682 1837 1733 κάμινον
1868 1694 1963 1723 con-

219 1763 222 1766 *
258 1750 468 1800 iungitur.
530 1752 660 1791 Omni
721 1751 1027 1801 probabilitate
1084 1753 1203 1790 caret
1256 1751 1477 1799 Blaydesii
1529 1751 1755 1790 tentamen
1807 1749 1963 1799 σφάκον

258 1818 485 1869 κορίαννον.
533 1819 756 1870 Ceterum,
804 1820 854 1858 ut
900 1819 1026 1858 docet
1072 1819 1256 1858 verbum
1303 1816 1566 1897 ἀφαυαίνειν,
1621 1828 1750 1857 verae
1796 1818 1963 1857 formae

258 1886 420 1926 atticae
452 1889 557 1926 sunt
587 1882 704 1937 αὖος,
734 1885 929 1925 αὑαίνειν.

197 1952 266 1993 Fr.
299 1954 396 1994 131.
423 1952 519 2005 φέρε
545 1969 612 2005 μοι
636 1965 714 2004 pro
741 1952 812 2004 τὴν
839 1954 918 2004 BL,
946 1954 1018 2002 qui
1046 1963 1121 2002 pro
1150 1953 1322 2003 σιβύνην
1348 1913 1532 2000 requirit
1558 1950 1741 2002 συβίνην.
1767 1950 1962 1990 Debebat

256 2021 453 2072 συβήνην,
493 2025 542 2062 ut
583 2023 737 2062 docent
779 2022 899 2062 tituli
938 2021 1074 2061 attici.
1124 2020 1184 2061 Cf.
1227 2020 1399 2060 lexicon
1446 2029 1595 2058 meum
1643 2017 1959 2067 suppletorium

229 2099 296 2138 p.
331 2090 417 2129 770
448 2100 483 2130 s.
517 2101 558 2130 v.

193 2156 265 2196 Fr.
302 2157 400 2206 133,
435 2159 474 2196 5.
507 2157 590 2197 Pro
623 2157 744 2206 epico
777 2159 821 2196 et
851 2157 1000 2205 inepto
1031 2155 1236 2206 μάστιξον,
1272 2155 1368 2194 0011.
1401 2155 1451 2194 fr.
1490 2154 1585 2202 188,
1613 2152 1817 2202 proposui
1844 2152 1958 2190 κατά-

192 2252 195 2253 .
256 2223 397 2275 βρεξον
437 2226 514 2264 aut
564 2223 787 2276 διάβρεξον,
832 2223 896 2263 Bl.
946 2222 1144 2262 διάπασον
1191 2223 1268 2261 aut
1313 2220 1518 2271 σπόόησον
1565 2221 1640 2259 aut
1685 2218 1870 2265 πάταξον.
1905 2241 1957 2247 -

258 2291 332 2331 Vs.
366 2293 406 2332 6.
449 2292 570 2331 Kock
611 2291 876 2341 probabilius
917 2289 1096 2340 ἀλφίτοις
1137 2300 1269 2339 quam
1311 2289 1375 2328 Bl.
1422 2286 1510 2326 ἁλσὶ
1542 2282 1636 2341 κᾷτ’,
1669 2287 1873 2334 quamvis
1905 2296 1959 2326 ne

256 2359 364 2400 illud
395 2360 571 2409 quidem
603 2360 714 2399 mihi
746 2359 1006 2398 satisfaciat.

317 2429 512 2467 ΛΙΝΟΣ.
546 2427 607 2467 Cf.
641 2426 862 2466 Theocriti
893 2426 948 2465 id.
983 2425 1127 2464 XXIV
1164 2425 1259 2463 103.

197 2494 266 2534 Fr.
304 2496 401 2545 141,
435 2497 474 2535 6.
508 2494 710 2534 Feliciter
740 2494 805 2533 Bl.
838 2491 885 2531 τὰ
917 2496 1007 2541 (pro
1039 2491 1123 2537 τάκ)
1151 2497 1218 2541 τῆς
1249 2495 1419 2541 τροφῆς,
1451 2488 1591 2538 quod
1624 2488 1842 2528 attinet
1873 2487 1955 2537 ad,

256 2563 302 2601 et
331 2562 454 2602 Kock
488 2572 550 2601 VS.
584 2562 607 2601 7
643 2560 840 2612 δεχόμεθα
863 2581 911 2587 -
942 2558 992 2597 ἂν
1023 2570 1100 2609 pro
1132 2557 1421 2610 γλιχόμεθα-
1449 2555 1526 2594 ἵνα.
1555 2577 1608 2582 --
1637 2554 1710 2593 VS.
1745 2555 1771 2593 9
1803 2554 1957 2593 malim

256 2643 296 2668 τε
326 2639 403 2679 pro
436 2626 490 2668 δὲ.
708 2657 712 2659 -

197 2695 265 2736 Fr.
301 2697 397 2746 142,
431 2698 470 2736 4.
513 2692 563 2734 ἂν
596 2692 639 2733 δὲ
662 2691 878 2733 επῑτισοίναν
908 2692 974 2732 καὶ
1011 2688 1219 2744 τρύβλιον’.
1262 2691 1380 2740 Quod
1413 2690 1518 2729 Olim
1550 2688 1759 2738 probante
1791 2687 1956 2727 Kockio

256 2764 425 2803 correxi
465 2763 676 2814 τρούβλιον
722 2771 807 2802 non
854 2771 1033 2811 prorsus
1073 2759 1245 2799 sufficit.
1287 2757 1472 2797 Dederat
1512 2757 1661 2805 poeta:
1705 2752 1755 2792 ἂν
1796 2751 1838 2793 δὲ
1880 2757 1954 2798 (sc.

0 2832 128 2886 ,ςςμψ
153 2813 229 2858 ΝΛ
255 2826 406 2885 εἴπῃ)(
419 2825 693 2876 πτισάνας’
738 2826 806 2867 καὶ
840 2822 1174 2879 (τρούβλιονῖ
1221 2824 1366 2864 Sensit
1409 2823 1566 2861 vitium
1608 2821 1687 2870 Bl.,
1731 2821 1805 2860 sed
1838 2821 1954 2859 iusto

254 2897 491 2938 violentius
522 2896 748 2946 proposuit
777 2893 828 2933 ἂν
860 2891 938 2934 δὲ
946 2893 1138 2940 πτισάνας
1171 2891 1285 2930 δότε
1318 2884 1591 2941 τρύβλιονῖ

189 2964 264 3005 Fr.
314 2967 408 3015 144,
452 2966 488 3005 1.
537 2963 735 3015 στρουθός
775 2978 831 3009 τις
874 2963 942 3002 vel
984 2960 1246 3013 στρουθίσκος
1288 2968 1373 2997 non
1413 2956 1528 2995 male
1570 2955 1648 3004 BL,
1692 2955 1778 2994 alia
1809 2955 1955 2993 minus

188 3046 194 3050 ·
253 3033 357 3081 apta
387 3032 439 3072 de
470 3041 592 3070 more
623 3030 829 3070 adiciens.
864 3028 972 3069 Cum
1005 3028 1157 3068 eodem
1191 3025 1342 3064 malim
1374 3022 1502 3073 ἀκαρῆ
1534 3032 1611 3070 pro
1644 3019 1805 3072 ἀκαρὴς.

195 3097 263 3138 Fr.
295 3100 393 3148 145,
425 3100 438 3137 ]
473 3108 536 3147 sq.
564 3097 626 3137 Cf.
654 3099 727 3136 Ar.
756 3097 830 3146 Eq.
860 3097 946 3136 399
974 3094 1013 3134 εἴ
1030 3106 1071 3133 σε
1089 3092 1141 3144 μὴ
1159 3095 1281 3142 φιλῶ,
1308 3090 1498 3143 γενοίμην
1516 3087 1557 3139 ἐν
1578 3087 1777 3139 Κρατίνου
1795 3086 1953 3142 κῳὸίον.

193 3165 263 3205 Fr.
301 3167 397 3215 146,
431 3166 471 3205 9.
513 3159 569 3203 ὧν
610 3163 685 3203 οὐκ
726 3162 856 3215 ἐχρῆν,
895 3162 988 3202 scil.
1022 3161 1300 3208 maritorum,
1345 3153 1401 3196 ὧν
1433 3152 1470 3195 δ’
1506 3154 1643 3206 ἐχρῆν,
1677 3155 1770 3194 scil.
1803 3154 1951 3193 libero-

188 3258 192 3262 ·
253 3242 352 3272 rum
384 3241 566 3272 suorum
598 3232 642 3270 et
673 3230 955 3270 famulorum.
