2216 3522
1036 217 1114 254 107

193 340 262 381 Fr.
299 340 394 390 126,
434 340 454 378 1
498 350 562 388 Sq.
606 340 870 380 Modulatius
911 340 1052 380 idem:
1089 337 1203 379 ’Ήκω
1244 338 1379 378 Σίκων
1407 336 1413 389 Ι
1442 335 1700 390 βεβρεγμένος
1736 347 1853 376 <τε>
1888 332 1954 373 καὶ

251 405 618 458 κεκωθωνισμένος.

193 474 260 515 Fr.
297 475 394 524 128,
432 477 467 515 1.
499 479 571 514 τοῦ
602 477 883 524 corruptum,
928 485 1008 515 nec
1048 475 1321 525 probandum
1362 473 1686 513 Meinekianum
1726 485 1804 518 τοι;
1838 470 1954 509 recte

250 542 318 580 καὶ
349 542 429 592 Β1.,
463 542 537 591 qui
567 542 799 582 infeliciter
831 553 908 592 pro
938 541 1010 593 τὴν
1038 540 1134 582 ὁδόν
1161 542 1372 582 ariolatur
1397 539 1466 580 τὸν
1491 539 1562 592 χόα
1589 539 1660 579 vel
1685 537 1729 577 τὸ
1755 536 1953 588 πρόπομα.

251 609 478 650 Immerito
510 619 636 649 meae
668 610 942 650 coniecturae
967 605 1078 661 τήνδ’
1121 609 1218 660 ὅλην
1250 609 1406 649 obiecit
1437 608 1576 657 Kock‚
1611 607 1723 655 quod
1755 605 1955 645 maxima

251 686 352 726 pars
394 677 494 717 vino
536 677 751 726 explenda
791 679 928 726 esset;
970 678 1071 726 quid
1118 681 1235 718 enim
1282 676 1466 726 impedit
1507 675 1742 723 quominus
1773 672 1955 723 impleta

251 744 340 783 iam
371 744 520 795 fuerit,
556 755 655 784 cum
689 745 796 784 haec
827 745 1106 784 dicerentur?
1138 745 1214 784 Sin
1247 745 1416 793 minus,
1449 743 1592 793 possis
1624 741 1741 793 τήνδε
1768 755 1846 791 μοι.

194 812 263 852 Fr.
308 813 405 863 129,
446 814 485 853 2.
529 813 576 853 Ο.
625 811 804 852 Crusius
852 812 1048 861 apposite
1097 812 1205 852 citat
1251 811 1409 851 Zenob.
1460 811 1569 850 250:
1619 809 1690 856 εἰς
1737 807 1953 861 ἀρχαίας

253 879 475 929 φάτνας·
517 878 580 919 ἐπὶ
626 885 703 918 τῶν
751 877 1007 927 ἁπολαύσεώς
1047 893 1154 926 τινος
1200 877 1447 918 ἐκπεσόντων
1486 873 1567 917 εἶτα
1614 877 1733 915 πάλιν
1779 874 1840 915 ἐπὶ
1882 873 1953 924 τὴν

251 944 420 999 ἀρχαίαν
460 946 661 987 ἐλθόντων
703 947 872 987 δίαιταν.
907 970 960 976 -
993 947 1076 987 Pro
1118 948 1278 998 ζητοῦσι
1318 957 1419 987 cum
1461 946 1654 986 Nauckio
1695 945 1955 994 expectatur

252 1017 442 1054 ποθοῦσι.

193 1081 261 1121 Fr.
299 1082 396 1132 130,
431 1083 470 1122 2.
504 1081 550 1121 τά
581 1096 620 1121 τε
651 1078 762 1134 μηρί’
798 1083 971 1131 requiro
1004 1093 1105 1122 cum
1138 1083 1202 1122 Bl.

121 1173 129 1182 ι
192 1148 260 1188 Fr.
296 1150 391 1189 131.
425 1150 673 1189 Admodum
706 1150 930 1199 ingeniose
963 1151 1003 1190 h.
1038 1151 1066 1190 1.
1100 1151 1291 1190 tentavit
1318 1151 1457 1200 Kock,
1485 1151 1562 1190 sed
1592 1149 1752 1201 πάρεστι
1789 1147 1955 1188 servari

247 1227 376 1266 posse
408 1218 580 1257 videtur
606 1219 651 1257 et
677 1218 721 1256 in
748 1227 958 1267 responso
985 1220 1242 1267 expectatur
1267 1219 1482 1268 particula
1508 1218 1802 1258 adversativa.
1826 1215 1956 1254 Venit

251 1284 296 1324 in
327 1286 547 1325 mentem:

488 1351 537 1391 οὐ
570 1352 654 1398 (vel
685 1346 724 1403 ἧ)
757 1352 985 1400 Λευκάδιος
1015 1351 1203 1404 πάρεστι;
1235 1354 1278 1391 Β.
1311 1350 1378 1391 ναὶ
1409 1352 1615 1403 μελίττιον,

489 1418 662 1466 οἰνίσκος
696 1414 826 1466 (οὗτος
863 1415 917 1467 δ’)
949 1418 998 1460 οὔ
1030 1434 1065 1459 τι
1096 1419 1260 1471 πότιμός
1297 1418 1416 1463 <έστι
1447 1420 1566 1470 δή.>.

252 1487 442 1527 Nonne
482 1487 645 1527 adest
687 1488 877 1527 vinum
913 1489 1279 1528 Leucadium?
1321 1489 1368 1528 B.
1403 1489 1506 1535 ita,
1541 1489 1612 1527 mi
1645 1486 1951 1534 corculum,

252 1554 347 1594 sed
388 1554 524 1594 haec
569 1565 744 1605 vappa
786 1557 872 1595 est
913 1556 1243 1604 neutiquam
1284 1556 1576 1606 potabilis.
1616 1554 1832 1595 Athenaei
1857 1552 1955 1591 libri

253 1621 427 1661 variant
458 1622 502 1661 in
535 1620 647 1661 οὔπω
679 1624 724 1662 et
754 1621 869 1661 οὕτω.
902 1623 1051 1662 Possis
1084 1623 1243 1662 etiam:

1023 1688 1091 1729 ναὶ
1122 1687 1296 1741 Μέλιττ’,
1327 1688 1347 1729 ὁ
1380 1688 1423 1729 δὲ

334 1807 337 1810 ¹
669 1756 844 1804 οἰνίσκος
876 1752 991 1804 οὗτος
1025 1755 1073 1797 οὔ
1105 1773 1140 1796 τι
1171 1756 1244 1797 κτὲ.

258 1823 320 1864 cf.
355 1825 489 1864 etiam
521 1824 586 1865 Bl.
619 1835 659 1874 p.
692 1826 773 1864 135
808 1826 851 1864 et
883 1825 935 1864 ad
966 1825 1019 1864 fr.
1058 1826 1153 1865 132.

198 1892 269 1933 Fr.
305 1893 401 1942 133,
438 1894 462 1932 2
508 1903 594 1932 non
637 1894 755 1932 recte
795 1895 1068 1940 πολλοστιαῖυς
1115 1893 1265 1933 Nauck
1307 1894 1351 1933 et
1396 1893 1517 1932 Kock
1558 1903 1634 1941 pro
1680 1893 1958 1939 πολλοσταῖος,

253 1960 365 2009 quod
406 1961 549 2000 solum
592 1970 798 2009 graecum
841 1970 937 2000 esse
978 1961 1132 2010 probat
1178 1963 1387 2001 constans
1428 1961 1642 2009 analogia.
1681 1959 1859 1999 Rectius
1890 1958 1955 1997 Bl.

252 2026 319 2066 καὶ
351 2026 431 2078 μὴν
463 2027 598 2067 οἴκαδε
625 2027 631 2079 Ι
660 2026 779 2080 ἔγωγε
811 2031 902 2077 (pro
934 2032 985 2074 τε)
1018 2031 1272 2075 πολλοσταῐος
1305 2026 1523 2079 ἀποτρέχω,
1554 2027 1684 2079 γύναι.

195 2095 262 2134 Fr.
301 2096 395 2135 134.
429 2096 635 2135 Formam
667 2096 850 2136 atticam
885 2096 1131 2147 στρώννυται
1163 2099 1234 2142 (we
1266 2097 1422 2142 Naber)
1452 2095 1742 2144 requirebam.

195 2162 262 2202 Fr.
300 2163 395 2203 136.
438 2164 562 2213 Apud
605 2163 845 2203 Zenobium
886 2163 981 2212 lege
1013 2157 1064 2214 ἦν
1097 2161 1138 2202 δὲ
1171 2161 1191 2202 ὅ
1226 2163 1493 2214 Νικόστρατος
1525 2161 1741 2213 ὑποκριτὴς
1772 2159 1954 2212 τραγικὸς

254 2229 384 2268 δοκῶν
410 2230 694 2272 κάλλιστ<α
719 2230 943 2282 λόγ>υυς
969 2229 1354 2283 ἀγγελ<ικ>οὺς
1391 2228 1600 2281 εἰρηκέναι.
1628 2229 1768 2268 Aliter
1795 2228 1954 2267 Β1.].].

195 2296 262 2335 Fr.
300 2297 396 2347 138,
432 2298 470 2337 3.
504 2297 646 2337 Verba
675 2296 774 2348 πρὸς
805 2295 853 2335 τὰ
894 2296 1024 2348 στήθη
1057 2300 1265 2347 suspecta
1302 2297 1513 2337 Kaibelio.
1547 2296 1610 2336 ΒΙ.
1645 2296 1829 2335 coniecit
1859 2294 1956 2346 πρὸς

254 2362 295 2402 τὸ
322 2367 488 2414 στῆθος,
520 2364 634 2404 unde
667 2374 821 2413 parum
853 2364 1088 2414 proficitur.
1122 2365 1244 2404 Idem
1276 2364 1575 2404 infelicissime
1607 2364 1751 2403 tentat
1776 2362 1827 2402 fr.
1859 2362 1954 2401 139.

197 2431 264 2471 Fr.
301 2432 397 2471 140.
431 2432 495 2471 Bl.
529 2432 602 2471 oft.
650 2430 949 2484 ἀνασεσυρμένη
996 2433 1156 2482 Adesp.
1205 2433 1304 2472 929.
1352 2432 1413 2471 De
1461 2431 1592 2471 verbo
1639 2431 1723 2470 vid.
1767 2429 1954 2478 Lobeok,

256 2499 468 2549 Aglaoph.
509 2510 549 2548 p.
584 2500 683 2540 826.

199 2566 267 2606 Fr.
305 2567 400 2605 141.
436 2565 518 2607 Cft.
550 2566 762 2619 εὐοργησία
795 2577 894 2607 cum
928 2567 1030 2607 aliis
1062 2567 1209 2606 minus
1242 2568 1357 2616 aptis
1389 2566 1451 2606 Bl.
1487 2566 1547 2606 cf.
1582 2567 1626 2605 et
1657 2563 1887 2616 ἀναλγησία.

199 2633 267 2673 Fr.
305 2634 400 2683 150,
435 2635 473 2673 2.
509 2633 814 2685 Χερρονησίτου.
848 2635 1029 2674 Frustra
1060 2634 1123 2674 Bi.
1153 2633 1438 2685 Χερρονησίου.
1465 2623 1525 2673 Cf.
1555 2628 1801 2672 Meisterh.⁸
1826 2643 1866 2681 p.
1885 2633 1954 2681 99,

257 2703 281 2749 ἓ
313 2702 383 2751 36,
419 2703 457 2741 2.
501 2702 611 2741 Male
653 2702 768 2742 idem
811 2713 873 2742 vs.
908 2703 932 2742 2
977 2702 1108 2742 δεύειν
1144 2712 1220 2751 pro
1252 2699 1366 2750 ἕψειν
1398 2703 1475 2741 aut
1508 2699 1578 2748 (ἐν)
1612 2699 1748 2755 ἐλαίῳς
1780 2702 1956 2749 iungen-

257 2769 447 2818 gendum
479 2767 594 2825 ἐλαίῳ
628 2780 727 2810 cum
759 2759 1045 2822 ἠγλαισμένην,
1081 2779 1160 2808 nec
1191 2769 1317 2809 video
1350 2779 1426 2808 cur
1457 2770 1681 2818 suspectet
1712 2778 1776 2807 vs.
1809 2768 1835 2806 4
1867 2778 1957 2818 στη-

256 2835 395 2875 θύνια.
435 2859 482 2864 -
516 2836 589 2876 Vs.
638 2838 677 2877 6.
721 2837 916 2877 Praefert
957 2848 997 2876 v.
1046 2837 1072 2876 1.
1106 2836 1303 2885 τευθίσιν,
1345 2836 1456 2885 quod
1501 2836 1677 2885 saepius
1722 2836 1958 2884 iungantur

255 2902 437 2950 τευθίδες
470 2905 514 2943 et
545 2904 701 2955 σηπίαι;
733 2903 826 2944 fieri
858 2905 1003 2954 potest
1034 2905 1083 2944 ut
1114 2904 1250 2953 recte,
1285 2905 1334 2943 ut
1361 2914 1424 2942 vs.
1444 2903 1469 2942 8
1498 2913 1597 2942 cum
1623 2903 1774 2942 eodem
1803 2902 1955 2942 malim

259 2968 560 3022 εὐζωρεστέρου,
592 2971 688 3011 coll.
726 2982 763 3011 v.
797 2972 824 3011 l.
858 2969 1176 3022 εὐζωρεστέρους.

200 3038 268 3078 Fr.
306 3039 402 3087 151,
436 3039 476 3077 3.
510 3038 623 3078 Hinc
649 3038 712 3079 Bl'.
742 3039 861 3078 elicit
893 3038 1018 3078 valde
1045 3038 1203 3079 miram
1237 3037 1503 3076 sententiam
1530 3033 1643 3087 ἡμῶν
1675 3036 1845 3087 δύναμις
1876 3051 1958 3083 πως

262 3102 300 3152 ἐξ
331 3105 489 3145 ὑδάτων
519 3102 610 3145 πᾶσ’
645 3105 804 3158 ἔρχεται.
845 3106 982 3156 Quam
1016 3105 1338 3145 inscribendam
1373 3107 1524 3144 curato
1557 3104 1725 3144 balneis
1756 3105 1955 3155 publicis!

199 3234 420 3283 Ararotls
451 3240 503 3282 fr.
538 3241 576 3280 2.
613 3239 828 3289 Singulari
861 3248 1043 3280 numero
1075 3235 1275 3291 κροκωτὸν
1307 3237 1490 3287 requirit
1521 3238 1586 3278 Bl.
