2216 3522
869 921 1277 974 ADDENDA.

189 1215 422 1270 Hagnetis
453 1218 505 1257 fr.
541 1220 578 1257 1.
625 1216 704 1269 ἤδη
750 1216 936 1258 τεθέασαι
969 1234 1042 1266 -;
1088 1219 1152 1259 Bl.
1196 1220 1270 1259 cst.
1315 1221 1386 1258 Ar.
1430 1219 1538 1258 Nub.
1572 1219 1680 1267 3703
1724 1219 1950 1268 Hermippi

248 1285 301 1326 fr.
334 1286 405 1326 36.

190 1383 375 1429 cratini
406 1386 458 1426 fr.
492 1387 562 1426 54.
595 1386 724 1437 μάτην
754 1397 830 1436 pro
862 1385 988 1437 μόνον
1020 1387 1084 1426 Bl.

159 1453 259 1501 *Fr.
292 1454 362 1494 76.
394 1454 516 1493 Idem
555 1460 603 1509 τῇ
633 1475 685 1481 -
711 1454 849 1508 βουλῇ.
890 1454 994 1493 Mihi
1036 1464 1122 1494 non
1164 1454 1363 1503 displicet
1401 1454 1554 1493 Kockii
1591 1454 1840 1504 explicatio,
1875 1455 1950 1494 sed

249 1521 301 1560 de
332 1521 611 1570 paucissimis
643 1521 787 1561 verbis
817 1521 879 1560 nil
911 1522 1030 1561 certi
1049 1522 1186 1561 statui
1215 1523 1375 1571 potest.

189 1588 259 1628 Fr.
292 1589 363 1639 96,
395 1589 459 1629 Bl.
490 1589 582 1628 ludi
622 1590 751 1639 putat
783 1590 827 1628 in
858 1589 1018 1639 duplici
1050 1590 1092 1628 Vi
1124 1589 1263 1628 subSt.
1294 1587 1458 1641 ἀμοργίς
1490 1586 1619 1640 (χιτὼν
1649 1586 1875 1640 ἀμόργινος)
1908 1590 1952 1628 et·

248 1655 510 1708 ὑποστάθμη,
548 1657 949 1707 sedimentum,
984 1658 1028 1696 et
1059 1657 1103 1696 in
1138 1657 1280 1698 verbis
1311 1654 1428 1707 ἠθεῖν
1460 1658 1504 1695 et
1534 1655 1692 1706 νήθειν.
1722 1656 1780 1695 At
1811 1656 1952 1695 forma

248 1723 413 1775 νήθειν,
453 1725 658 1773 quamvis
696 1725 859 1764 tradita
899 1724 1032 1764 etiam
1076 1724 1186 1763 Plat.
1230 1724 1355 1764 Polit.
1396 1725 1480 1763 289
1498 1723 1546 1773 C,
1589 1734 1666 1772 pro
1707 1724 1950 1772 antiquiore

252 1797 328 1843 νῆν
358 1793 605 1841 suspicione
636 1802 723 1831 non
756 1794 889 1831 caret.

191 1860 260 1900 Fr.
295 1861 365 1910 79,
399 1861 438 1899 2.
481 1859 590 1899 Cum
622 1859 687 1899 Bl.
720 1859 867 1899 nescio
900 1869 955 1898 an
987 1859 1292 1908 corrigendum
1323 1859 1381 1898 sit
1413 1855 1533 1897 οὐδέν
1564 1868 1640 1907 pro
1671 1855 1809 1908 μηδέν,
1839 1858 1951 1906 quod

250 1928 437 1967 vitiosae
466 1928 719 1976 sequiorum
750 1925 947 1980 συνηθείᾳ
978 1926 1122 1966 deberi
1153 1926 1338 1966 videtur.
1372 1926 1453 1965 Sed
1485 1936 1585 1965 cum
1617 1926 1767 1965 eodem
1795 1935 1949 1973 nequa-

249 2006 382 2044 quam
423 1995 619 2045 praefero
659 1994 955 2034 masculinum
996 1989 1141 2044 οὐδέν’,
1171 1994 1283 2042 quod
1315 1994 1410 2042 ipsa
1439 1993 1661 2032 sententia
1692 1994 1825 2032 vetat.
1858 1993 1951 2031 Non

249 2063 368 2103 enim
400 2072 502 2102 vere
529 2063 612 2102 dici
643 2062 785 2112 potuit
811 2062 1035 2101 neminem
1061 2063 1154 2100 tam
1181 2061 1369 2100 stultum
1397 2071 1493 2100 esse
1534 2062 1583 2099 ut
1610 2062 1746 2109 amet,
1775 2060 1818 2099 id
1840 2061 1950 2109 quod

250 2130 378 2178 pauci
417 2130 620 2171 homines
659 2139 746 2168 non
786 2129 970 2178 faciunt,
1014 2129 1090 2168 sed
1131 2129 1204 2176 qui
1235 2128 1426 2176 loquitur
1456 2127 1679 2167 contendit
1710 2137 1803 2166 rem
1835 2127 1951 2166 stoli-

252 2191 354 2236 dam
385 2198 431 2236 et
461 2207 625 2236 vanam
667 2207 766 2236 esse
798 2207 1010 2236 amorem.
1044 2196 1273 2235 Praeterea
1303 2196 1467 2235 nudum
1498 2194 1612 2242 κενός
1643 2196 1726 2234 dici
1759 2195 1871 2234 solet
1901 2196 1952 2234 de

251 2264 380 2304 rebus
410 2264 556 2313 potius
586 2274 718 2312 quam
750 2264 802 2303 de
833 2264 1045 2313 personis.

194 2331 263 2372 Fr.
299 2332 396 2371 105.
439 2331 602 2371 Vereor
641 2341 695 2371 ne
735 2331 1051 2380 grammaticos
1091 2331 1295 2370 fefellerit
1331 2330 1549 2379 scriptura
1581 2328 1785 2368 ΟΙΟΘΛΟ
1813 2330 1951 2375 (deno-

252 2401 354 2439 tans
380 2393 502 2438 οἶσθά
533 2394 571 2437 σ’
607 2409 694 2438 non
725 2393 903 2448 οἶσθας),
938 2398 1113 2438 Cratino
1145 2398 1388 2437 tribuentes
1418 2398 1606 2437 formam
1639 2391 1783 2443 οἶσθας
1812 2407 1952 2436 novae

253 2466 502 2506 comoediae
530 2467 765 2516 propriam.

195 2534 264 2574 Fr.
298 2534 397 2585 108,
425 2535 465 2574 3.
497 2534 714 2574 Athenaei
745 2534 881 2574 codex
911 2533 1043 2573 habet
1074 2528 1311 2582 ἐπωάζουσ’,
1341 2542 1417 2582 pro
1448 2541 1532 2580 quo
1563 2533 1737 2580 recepta
1762 2533 1831 2571 est
1856 2531 1951 2571 Val-

252 2602 468 2643 ckenaerii
487 2603 698 2642 correctio
715 2597 920 2649 ἔπώζουσ’.
937 2599 1242 2654 Atjrequiritur
1251 2598 1457 2656 ἐπῳάζουσ
1468 2601 1546 2639 aut
1562 2594 1763 2653 ἐπῴζουᾶ,
1778 2600 1879 2647 quia
1896 2610 1951 2639 ex

254 2669 335 2724 ᾠόν
378 2670 528 2709 debuit
556 2670 737 2709 formari
770 2672 846 2710 aut
878 2667 1066 2724 ἐπῳάζειν
1098 2670 1174 2708 aut
1207 2666 1384 2714 ἐπωΐζειν
1416 2668 1460 2707 et
1491 2666 1787 2706 contractione
1818 2666 1953 2705 attica

254 2736 428 2792 ἐπῴζειν.
445 2737 606 2777 Contra
622 2736 734 2784 ὥζειν
749 2738 818 2777 est
835 2737 1017 2776 verbum
1035 2737 1251 2776 comicum
1268 2733 1521 2784 significans
1546 2735 1589 2773 0!
1620 2733 1876 2772 clamare.
1897 2755 1949 2760 -—

254 2805 443 2854 Blaydes
487 2806 639 2845 monet
679 2805 960 2854 Lentingium
1000 2804 1054 2844 ad
1095 2803 1303 2844 Androm.
1346 2803 1401 2841 84
1443 2801 1721 2850 proposuisse
1762 2797 1825 2838 ἐπὶ
1855 2796 1949 2854 τῷδ’

257 2868 478 2920 zmegma·
526 2869 579 2910 ἂν
624 2869 828 2923 ἕκλέψαις,
874 2873 951 2911 aut
996 2869 1058 2910 ἐπὶ
1099 2867 1190 2925 τῷδ’
1236 2865 1397 2919 gnata&
1437 2866 1490 2915 ὣς
1530 2864 1581 2905 ἂν
1613 2865 1799 2921 ἐκλέψῃς,
1840 2867 1952 2915 quod

256 2940 457 2989 equidem
489 2939 792 2990 praetulerim,
826 2939 956 2979 modo
987 2939 1158 2988 legatur
1188 2933 1344 2991 ἕπῴαξ.

197 3008 266 3046 Fr.
303 3008 399 3056 109,
434 3008 474 3047 3.
506 3006 928 3058 μῆλα-σισύμβρια.
960 3006 1023 3045 Bl.
1057 3006 1129 3045 eft.
1164 3005 1214 3044 fr.
1249 3005 1347 3044 239.

198 3074 267 3113 Fr.
303 3075 399 3113 122.
433 3072 508 3113 οὐκ
538 3068 617 3112 οἷδ’
639 3070 799 3113 -οὐδ’
847 3071 1072 3124 ἐπίσταμαι,
1113 3081 1346 3122 prorsus
1388 3070 1598 3119 nescio,
1632 3071 1735 3109 nota
1766 3069 1955 3109 formula

257 3141 405 3181 attica.
453 3140 636 3181 Temere
676 3141 740 3180 Bl.
783 3138 878 3180 οὐδὲ
920 3139 1129 3191 μουσικήν.
1172 3138 1381 3178 Similiter
1421 3137 1563 3177 Latini
1605 3146 1782 3184 neque
1823 3136 1952 3175 novi

258 3218 434 3257 neque
465 3208 603 3257 scio,
638 3219 678 3247 v.
712 3218 747 3247 c.
781 3207 922 3247 Plaut.
956 3207 1112 3246 Pseud.
1149 3206 1275 3245 1212.

1779 3273 1812 3301 ιε)
