2216 3522
24 569 87 701 ⁴}

1023 220 1078 260 83

231 350 401 390 lecticis
438 350 636 399 revocat,
681 349 829 388 minus
870 348 980 388 alios
1020 348 1215 388 audire
1251 358 1384 398 quam
1415 351 1509 399 ipse
1543 352 1753 403 dicere,
1787 354 1934 404 itaque

230 418 340 458 nihil
371 418 518 468 aptius
547 418 625 457 aut
650 417 794 457 lenius
824 416 975 466 reponi
1005 418 1163 465 potest.
1185 439 1237 445 -
1256 417 1331 457 Vs.
1364 419 1494 458 5-7,
1529 419 1612 460 Ter
1642 420 1736 470 lege
1767 430 1933 474 γκγ>-

233 500 343 526 νεται
372 488 418 526 et
446 496 514 539 vs.
548 487 576 526 6
605 484 945 537 γκγ>νόμενον.

173 550 333 596 F1.-12
367 584 377 604 ,
410 554 436 592 3
480 554 644 593 rectius
675 553 840 593 Kockio
871 551 936 593 Bl.
969 550 1030 590 ὅτε
1062 548 1107 590 δὲ
1136 550 1365 603 προστάξειέ
1395 567 1442 591 τι.
1479 575 1530 582 -
1570 554 1646 595 Vs.
1680 557 1721 596 6.
1757 553 1935 595 οὐδέποτ’

232 619 284 660 ἂν
314 620 438 661 αυτὸν
471 621 539 660 vel
571 616 749 660 οὐδέποτ’
783 618 935 659 ἐκεῖνον
967 619 1103 668 1ᾱο111,
1137 619 1264 668 quale
1296 620 1398 668 quid
1429 631 1537 661 sane
1563 623 1810 674 requiritur,
1839 634 1939 664 neu-

233 690 402 739 tiquam
436 690 553 729 enim
584 689 805 728 satisfacit
838 689 1013 737 recepta
1043 687 1229 727 Dobraei
1260 689 1524 729 coniectura.

176 757 244 797 Fr.
282 758 379 807 124,
401 758 468 796 10.
497 757 613 796 Sana
638 760 707 796 est
731 756 874 796 lectio.
902 756 1136 805 Perperam
1163 755 1229 796 Bl.
1256 754 1329 805 μέν
1355 770 1397 808 γε
1424 756 1475 807 δή
1494 753 1591 807 ’στι,
1619 758 1692 807 qui
1718 768 1786 798 vs.
1808 759 1859 797 12
1878 756 1941 797 ἐπὶ

185 829 188 832 ’
233 835 310 874 pro
351 822 405 865 ἐν,
435 823 587 865 scribit
629 835 803 864 mecum
835 826 880 864 et
920 834 984 863 vs.
1022 825 1075 863 15
1119 823 1285 872 optime
1316 824 1434 864 delet
1464 827 1690 874 punctum.
1724 825 1939 866 Graecum

234 898 324 934 non
367 893 436 932 est
481 887 558 942 ἆρα
603 892 874 931 sententiam
920 891 1096 931 ordiens
1142 891 1237 931 sine
1276 891 1639 943 interrogatione,
1685 903 1772 941 qua
1812 894 1855 933 in
1896 904 1944 933 re

234 961 443 1009 perpetuo
473 959 641 999 fallitur
671 958 811 1008 Kock,
845 969 986 1007 neque
1013 968 1116 998 vero
1141 959 1477 1007 interrogationi
1502 959 1649 1000 locum
1676 970 1773 1000 esse
1800 962 1945 1010 arguit

179 1031 190 1040 ⁸
235 1024 288 1076 νὴ
319 1026 409 1064 Δία.

175 1093 244 1134 Fr.
280 1093 378 1143 125,
396 1094 436 1133 2.
468 1094 602 1134 Recte
633 1104 682 1133 se
713 1093 845 1133 habet
875 1091 942 1131 καὶ
972 1098 1068 1143 νῦν,
1098 1094 1147 1132 ut
1176 1093 1247 1133 vel
1278 1093 1435 1143 probat
1466 1095 1629 1134 citatus
1660 1095 1713 1134 ab
1749 1096 1843 1145 ipso
1875 1096 1939 1135 Bl.

233 1159 364 1210 Vesp.
396 1171 463 1200 VS.
498 1162 598 1202 503.
631 1161 695 1202 Bl.
727 1175 770 1212 γε
801 1165 877 1198 νῦν
909 1162 987 1200 aut
1018 1160 1132 1210 νυνί,
1162 1163 1240 1200 aut
1271 1157 1437 1212 κήρυγμ’
1485 1160 1588 1201 ὅπου
1627 1176 1671 1214 γε
1701 1167 1789 1201 νῦν.
1821 1163 1942 1202 Ferri

233 1228 422 1272 fortasse
467 1230 639 1277 poterat
683 1224 849 1280 κήρυγμ’
900 1228 1098 1280 (κήρυγμα
1151 1228 1379 1274 traditum)
1427 1227 1529 1268 ὅπου
1575 1228 1661 1268 καὶ
1707 1235 1822 1281 νῦν,
1865 1231 1942 1270 sed

234 1295 383 1334 minus
414 1295 559 1344 placet
588 1295 772 1348 κήρυγμα
802 1293 1053 1347 κεκραγέναι,
1088 1306 1220 1344 quam
1251 1296 1479 1347 κηρύττειν,
1510 1298 1657 1346 itaque
1689 1308 1791 1338 vere
1820 1298 1943 1350 κηρύ-

233 1358 352 1415 γμαθ’
389 1363 650 1403 emendasse
682 1363 856 1403 videtur
887 1363 1095 1403 Meineke.

177 1430 246 1470 Fr.
282 1430 380 1480 126,
415 1430 455 1469 3.
487 1430 552 1470 Bl.
586 1431 716 1470 malit
746 1427 776 1483 γ’
812 1441 889 1481 pro
921 1427 976 1471 δ’.
1011 1453 1060 1459 --
1097 1430 1172 1471 Vs.
1215 1432 1241 1470 4
1279 1431 1367 1477 (ubi
1398 1432 1702 1472 infelicissime
1734 1430 1943 1472 ἀπείθισεν

178 1521 181 1523 -
235 1498 424 1538 coniecit·
462 1498 599 1544 Kock)
642 1499 915 1548 corrigebam
957 1497 1114 1549 ἀπεῖρξε
1152 1496 1294 1549 <μὲν>
1335 1498 1377 1538 τὸ
1409 1500 1511 1554 ζῷον
1549 1500 1741 1551 <αῧτη>,
1780 1500 1873 1548 τοὺς
1900 1499 1943 1540 δὲ

235 1565 335 1617 βοῦς
365 1563 600 1617 ἠνάγκασεν.
633 1567 782 1606 Possis
811 1566 1001 1606 fortasse
1033 1566 1168 1606 etiam
1202 1577 1302 1606 cum
1334 1566 1409 1606 illo
1441 1565 1537 1606 ὥστε
1573 1564 1755 1609 <τοῦτ’>
1786 1566 1943 1620 ἀπεῖρξε

235 1636 501 1685 σκατοφαγεῖν
532 1633 575 1673 τὸ
607 1634 707 1688 ζῷον
744 1632 902 1683 <ἀεί>,
930 1632 1024 1684 κτέ.,
1062 1634 1140 1674 sed
1172 1644 1273 1673 cum
1305 1634 1538 1674 violentior
1568 1637 1639 1675 est
1670 1636 1778 1675 haec
1808 1638 1940 1686 ratio,

234 1702 333 1741 tum
352 1741 355 1744 ,
374 1699 445 1751 μέν
476 1702 521 1740 111
561 1702 644 1744 hac
674 1702 945 1751 oppositione
988 1712 1118 1751 aegre
1149 1699 1436 1741 desideratur.
1470 1702 1577 1751 Quia
1608 1705 1759 1743 tamen
1791 1714 1943 1753 prono-

237 1778 339 1811 men
385 1769 785 1809 demonstrativum
833 1769 1029 1809 additum
1072 1769 1353 1808 substantivo
1394 1784 1424 1806 τ.
1471 1770 1572 1823 ζῷον
1613 1770 1755 1819 placet
1800 1771 1944 1820 magis

237 1846 369 1885 quam
401 1837 446 1876 in
477 1847 578 1876 mea
609 1837 860 1876 coniectura
891 1837 1046 1876 inutile
1078 1836 1197 1887 αὕτη,
1227 1837 1354 1876 hodie
1385 1838 1675 1877 correxerim:

1126 1902 1286 1955 ἀπεῖρξε
1323 1901 1474 1954 <μὲν>

534 1971 591 2010 τὰ
622 1973 719 2027 ζῷα
760 1978 976 2023 (ταῦτα),
1006 1972 1100 2020 τοὺς
1133 1970 1176 2012 δὲ
1207 1973 1306 2024 βοῦς
1339 1971 1565 2024 ἠνάγκασεν

186 2080 189 2082 .
238 2039 307 2078 cui
336 2039 511 2088 plurali
556 2050 740 2080 numero
786 2041 905 2080 favet
946 2042 1040 2079 tam
1080 2043 1164 2087 ταῖς
1208 2039 1298 2079 ὑσίν
1331 2043 1413 2086 (vs.
1445 2041 1487 2085 3)
1529 2050 1660 2088 quam
1694 2041 1942 2090 oppositum

238 2105 337 2153 τοὺς,
362 2106 472 2158 βοῦς.
515 2107 562 2147 Ο.
596 2107 776 2147 Crusius
815 2108 1066 2158 suspicatur
1107 2118 1213 2148 voce
1244 2108 1417 2147 boves
1449 2108 1570 2156 ipsos
1606 2107 1789 2156 Cyprios
1820 2108 1943 2147 innui

240 2183 267 2213 a
310 2175 457 2224 poeta,
506 2174 679 2214 collatis
726 2175 985 2224 Diogeniani
1022 2185 1132 2224 quos
1180 2176 1288 2215 citat
1334 2175 1455 2215 Kock
1503 2174 1629 2224 lociS,
1679 2174 1747 2214 cui
1792 2176 1942 2214 tamen

239 2242 477 2290 suspicioni
508 2252 594 2281 non
625 2242 745 2282 favet
775 2242 905 2281 Plinii
936 2242 1058 2282 locus
1088 2243 1202 2291 apud
1234 2243 1437 2283 eundem.

182 2307 251 2349 Fr.
286 2309 383 2347 127.
417 2309 558 2348 Meam
592 2310 888 2349 coniecturam
920 2310 1075 2359 probat
1105 2310 1170 2349 Bl.

183 2374 251 2414 Fr.
288 2375 385 2415 128.
418 2375 650 2425 Ingeniose
680 2376 820 2416 Kock:

510 2440 764 2482 Εὔθυνον
801 2440 984 2492 <ὅψον>
1021 2439 1390 2490 ἀπολοπίζοντ’
1427 2442 1574 2482 αὐτόθι

506 2509 674 2561 χρηστόν
705 2509 758 2559 τί,
791 2509 1102 2560 Παρμένων,
1132 2509 1319 2550 κέλευσόν
1346 2524 1434 2560 μοι
1465 2513 1604 2560 τεμεῖν.

242 2576 325 2616 Sed
366 2576 522 2616 haereo
563 2578 608 2616 in
646 2577 791 2616 inutili
831 2576 994 2626 αὐτόθι,
1034 2588 1174 2626 neque
1214 2577 1421 2627 intellego
1454 2588 1530 2616 cur
1561 2577 1726 2617 librarii
1758 2577 1944 2617 traditos

241 2644 518 2684 accusativos
547 2645 593 2684 in
618 2646 915 2685 nominativos
942 2645 1165 2685 refincturi
1191 2645 1365 2685 fuerint.
1394 2645 1542 2684 Malim
1568 2645 1702 2694 igitur
1727 2645 1942 2694 fragmen·

242 2713 338 2751 tum
370 2711 433 2751 ita
464 2712 754 2753 constituere:
1863 2711 1866 2715 ’

538 2777 670 2818 ἐλθών
700 2793 739 2818 τε
770 2778 869 2831 πρὸς
901 2779 970 2819 τὸν
1000 2779 1279 2831 τεμαχοπώλην
1310 2779 1516 2830 περίμενε,

538 2842 627 2897 παρ’
662 2841 710 2885 οὗ
742 2845 878 2898 φέρειν
910 2847 1047 2886 εἴωθα·
1080 2845 1156 2885 κᾶν
1188 2845 1395 2898 ἀγαθὸν
1424 2850 1514 2896 (pro
1546 2845 1663 2892 οὕτω)
1696 2845 1792 2899 τύχῃ

541 2912 735 2961 Εὔθυνος
770 2911 956 2963 <ὄψον>
992 2913 1263 2964 ἀπολοπίζων,
1294 2913 1527 2953 αὐτόθεν

539 2981 706 3033 χρηστόν
737 2997 790 3032 τι,
823 2980 1128 3035 Παρμένων,
1161 2980 1347 3021 κέλευσόν
1379 2996 1465 3031 μοι
1498 2982 1637 3030 τεμεῖν.

243 3048 352 3088 Erus
391 3058 520 3088 servo
562 3046 823 3089 Parmenoni
866 3049 1049 3089 mandat
1090 3052 1139 3089 ut
1180 3049 1434 3097 Euthynum
1475 3046 1543 3086 τὸν
1575 3046 1877 3098 τεμαχοπώλην,
1907 3046 1945 3085 si

242 3115 352 3155 forte
384 3115 580 3155 bonum
614 3116 771 3155 viderit
802 3117 967 3165 piscem
999 3117 1383 3165 desquamantem,
1427 3116 1595 3155 lautam
1629 3115 1756 3154 inde
1789 3114 1944 3164 portio-

244 3191 346 3221 nem
372 3180 564 3234 (τέμαχος)
589 3183 674 3222 sibi
699 3186 802 3229 (ero)
829 3183 1082 3223 abscindere
1109 3183 1268 3223 iubeat.
1296 3183 1390 3223 Non
1417 3192 1571 3223 omnes
1597 3182 1783 3231 piscium
1801 3184 1947 3231 partes

246 3257 381 3297 aeque
410 3249 620 3290 delicatas
653 3260 750 3289 esse
783 3260 864 3289 usu
893 3251 1111 3291 novimus.
1143 3250 1210 3289 Ita
1241 3250 1401 3290 saltem
1433 3250 1551 3289 clara
1580 3251 1686 3289 sunt
1716 3248 1877 3288 omnia.
