<?xml version="1.0" encoding="UTF-8"?>
<!DOCTYPE html PUBLIC "-//W3C//DTD XHTML 1.0 Transitional//EN"
    "http://www.w3.org/TR/xhtml1/DTD/xhtml1-transitional.dtd">
<html xmlns="http://www.w3.org/1999/xhtml" xml:lang="en" lang="en">
 <head>
  <title>
</title>
<meta http-equiv="Content-Type" content="text/html;charset=utf-8" />
  <meta name='ocr-system' content='tesseract 3.04.00' />
  <meta name='ocr-capabilities' content='ocr_page ocr_carea ocr_par ocr_line ocrx_word'/>
</head>
<body>
  <div class='ocr_page' id='page_1' title='image "./collectaneacriti00herwuoft_0067.png"; bbox 0 0 2216 3522; ppageno 0'>
   <div class='ocr_carea' id='block_1_1' title="bbox 1072 238 1127 276">
    <p class='ocr_par' dir='ltr' id='par_1_1' title="bbox 1072 238 1127 276">
     <span class='ocr_line' id='line_1_1' title="bbox 1072 238 1127 276; baseline 0.018 -1"><span class='ocrx_word' id='word_1_1' title='bbox 1072 238 1127 276; x_wconf 81' lang='lat'>53</span> 
     </span>
    </p>
   </div>
   <div class='ocr_carea' id='block_1_2' title="bbox 215 350 1979 1016">
    <p class='ocr_par' dir='ltr' id='par_1_2' title="bbox 334 350 1979 413">
     <span class='ocr_line' id='line_1_2' title="bbox 334 350 1979 413; baseline 0.007 -21"><span class='ocrx_word' id='word_1_2' title='bbox 334 353 402 393; x_wconf 88' lang='lat' dir='ltr'>Ad</span> <span class='ocrx_word' id='word_1_3' title='bbox 425 350 591 406; x_wconf 80' lang='grc' dir='ltr'><strong><em>Ἑορτάς</em></strong></span> <span class='ocrx_word' id='word_1_4' title='bbox 620 356 792 397; x_wconf 78' lang='lat' dir='ltr'>rettulit</span> <span class='ocrx_word' id='word_1_5' title='bbox 819 358 1033 398; x_wconf 81' lang='lat' dir='ltr'>Headlam</span> <span class='ocrx_word' id='word_1_6' title='bbox 1061 360 1136 400; x_wconf 90' lang='lat' dir='ltr'>BA</span> <span class='ocrx_word' id='word_1_7' title='bbox 1165 361 1233 410; x_wconf 89' lang='lat'>78,</span> <span class='ocrx_word' id='word_1_8' title='bbox 1255 362 1308 399; x_wconf 80' lang='lat'>22</span> <span class='ocrx_word' id='word_1_9' title='bbox 1342 359 1580 413; x_wconf 83' lang='grc' dir='ltr'><strong><em>ἀψυχίαν</em></strong></span> <span class='ocrx_word' id='word_1_10' title='bbox 1612 361 1699 402; x_wconf 79' lang='grc' dir='ltr'><strong><em>ἀντὶ</em></strong></span> <span class='ocrx_word' id='word_1_11' title='bbox 1725 368 1795 402; x_wconf 85' lang='grc' dir='ltr'><strong><em>τοῦ</em></strong></span> <span class='ocrx_word' id='word_1_12' title='bbox 1828 363 1979 403; x_wconf 82' lang='grc' dir='ltr'><strong><em>δειλίαν</em></strong></span> 
     </span>
    </p>

    <p class='ocr_par' dir='ltr' id='par_1_3' title="bbox 277 419 1976 478">
     <span class='ocr_line' id='line_1_3' title="bbox 277 419 1976 478; baseline 0.008 -20"><span class='ocrx_word' id='word_1_13' title='bbox 277 419 444 460; x_wconf 76' lang='grc' dir='ltr'><strong><em>Πλάτων</em></strong></span> <span class='ocrx_word' id='word_1_14' title='bbox 470 422 637 477; x_wconf 76' lang='grc' dir='ltr'><strong><em>Γοργίᾳ,</em></strong></span> <span class='ocrx_word' id='word_1_15' title='bbox 668 425 890 474; x_wconf 86' lang='lat' dir='ltr'>corrigens</span> <span class='ocrx_word' id='word_1_16' title='bbox 913 422 1108 478; x_wconf 78' lang='grc' dir='ltr'><strong><em>Ἑορταῖς.</em></strong></span> <span class='ocrx_word' id='word_1_17' title='bbox 1140 428 1191 467; x_wconf 91' lang='lat' dir='ltr'>In</span> <span class='ocrx_word' id='word_1_18' title='bbox 1223 428 1382 478; x_wconf 83' lang='lat' dir='ltr'>Gorgia</span> <span class='ocrx_word' id='word_1_19' title='bbox 1421 430 1681 470; x_wconf 89' lang='lat' dir='ltr'>vocabulum</span> <span class='ocrx_word' id='word_1_20' title='bbox 1718 440 1805 470; x_wconf 90' lang='lat' dir='ltr'>non</span> <span class='ocrx_word' id='word_1_21' title='bbox 1838 433 1976 472; x_wconf 83' lang='lat' dir='ltr'>extat.</span> 
     </span>
    </p>

    <p class='ocr_par' dir='ltr' id='par_1_4' title="bbox 215 487 1978 596">
     <span class='ocr_line' id='line_1_4' title="bbox 215 487 1978 548; baseline 0.007 -22"><span class='ocrx_word' id='word_1_22' title='bbox 215 487 284 527; x_wconf 83' lang='lat' dir='ltr'>Fr.</span> <span class='ocrx_word' id='word_1_23' title='bbox 320 488 390 538; x_wconf 83' lang='lat'>28,</span> <span class='ocrx_word' id='word_1_24' title='bbox 425 490 463 528; x_wconf 84' lang='lat'>1.</span> <span class='ocrx_word' id='word_1_25' title='bbox 508 487 606 529; x_wconf 74' lang='grc' dir='ltr'><strong><em>οὐδὲ</em></strong></span> <span class='ocrx_word' id='word_1_26' title='bbox 639 489 688 529; x_wconf 67' lang='grc' dir='ltr'>*ὲν</span> <span class='ocrx_word' id='word_1_27' title='bbox 731 494 936 539; x_wconf 89' lang='lat' dir='ltr'>(mecum)</span> <span class='ocrx_word' id='word_1_28' title='bbox 981 493 1064 532; x_wconf 86' lang='grc' dir='ltr'>δεῖ</span> <span class='ocrx_word' id='word_1_29' title='bbox 1091 490 1399 534; x_wconf 82' lang='grc' dir='ltr'><strong><em>’ποκτανεῖν</em></strong></span> <span class='ocrx_word' id='word_1_30' title='bbox 1438 497 1623 536; x_wconf 85' lang='lat' dir='ltr'>coniecit</span> <span class='ocrx_word' id='word_1_31' title='bbox 1657 498 1796 548; x_wconf 90' lang='lat' dir='ltr'>idem,</span> <span class='ocrx_word' id='word_1_32' title='bbox 1831 499 1978 538; x_wconf 86' lang='lat' dir='ltr'>nescio</span> 
     </span>
     <span class='ocr_line' id='line_1_5' title="bbox 276 558 503 596; baseline 0.004 -1"><span class='ocrx_word' id='word_1_33' title='bbox 276 565 332 595; x_wconf 88' lang='lat' dir='ltr'>an</span> <span class='ocrx_word' id='word_1_34' title='bbox 372 558 503 596; x_wconf 89' lang='lat' dir='ltr'>recte.</span> 
     </span>
    </p>

    <p class='ocr_par' dir='ltr' id='par_1_5' title="bbox 215 622 1978 880">
     <span class='ocr_line' id='line_1_6' title="bbox 215 622 1978 678; baseline 0.006 -17"><span class='ocrx_word' id='word_1_35' title='bbox 215 622 284 662; x_wconf 83' lang='lat' dir='ltr'>Fr.</span> <span class='ocrx_word' id='word_1_36' title='bbox 316 623 387 663; x_wconf 87' lang='lat'>30.</span> <span class='ocrx_word' id='word_1_37' title='bbox 421 624 547 664; x_wconf 87' lang='lat' dir='ltr'>Haud</span> <span class='ocrx_word' id='word_1_38' title='bbox 578 626 745 666; x_wconf 86' lang='lat' dir='ltr'>temere</span> <span class='ocrx_word' id='word_1_39' title='bbox 775 627 839 667; x_wconf 89' lang='lat' dir='ltr'>Bl.</span> <span class='ocrx_word' id='word_1_40' title='bbox 871 624 994 678; x_wconf 83' lang='grc' dir='ltr'><strong><em>ἡμᾶς,</em></strong></span> <span class='ocrx_word' id='word_1_41' title='bbox 1030 629 1142 678; x_wconf 92' lang='lat' dir='ltr'>quod</span> <span class='ocrx_word' id='word_1_42' title='bbox 1180 640 1281 669; x_wconf 91' lang='lat' dir='ltr'>cum</span> <span class='ocrx_word' id='word_1_43' title='bbox 1316 629 1477 670; x_wconf 87' lang='lat' dir='ltr'>Cobeto</span> <span class='ocrx_word' id='word_1_44' title='bbox 1502 631 1758 671; x_wconf 86' lang='lat' dir='ltr'>deleverunt</span> <span class='ocrx_word' id='word_1_45' title='bbox 1782 632 1978 672; x_wconf 88' lang='lat' dir='ltr'>Meineke</span> 
     </span>
     <span class='ocr_line' id='line_1_7' title="bbox 272 691 1977 747; baseline 0.006 -18"><span class='ocrx_word' id='word_1_46' title='bbox 272 691 362 739; x_wconf 89' lang='lat' dir='ltr'>(qui</span> <span class='ocrx_word' id='word_1_47' title='bbox 402 693 532 731; x_wconf 88' lang='lat' dir='ltr'>antea</span> <span class='ocrx_word' id='word_1_48' title='bbox 570 696 783 740; x_wconf 87' lang='lat' dir='ltr'>servarat)</span> <span class='ocrx_word' id='word_1_49' title='bbox 824 696 869 734; x_wconf 90' lang='lat' dir='ltr'>et</span> <span class='ocrx_word' id='word_1_50' title='bbox 905 695 1046 746; x_wconf 88' lang='lat' dir='ltr'>Kock,</span> <span class='ocrx_word' id='word_1_51' title='bbox 1078 697 1378 736; x_wconf 89' lang='lat' dir='ltr'>necessarium</span> <span class='ocrx_word' id='word_1_52' title='bbox 1409 698 1542 737; x_wconf 90' lang='lat' dir='ltr'>ducit.</span> <span class='ocrx_word' id='word_1_53' title='bbox 1575 698 1714 747; x_wconf 83' lang='lat' dir='ltr'>Quare</span> <span class='ocrx_word' id='word_1_54' title='bbox 1744 700 1892 739; x_wconf 90' lang='lat' dir='ltr'>nescio</span> <span class='ocrx_word' id='word_1_55' title='bbox 1923 711 1977 740; x_wconf 89' lang='lat' dir='ltr'>an</span> 
     </span>
     <span class='ocr_line' id='line_1_8' title="bbox 272 759 1975 818; baseline 0.006 -21"><span class='ocrx_word' id='word_1_56' title='bbox 272 759 349 797; x_wconf 89' lang='lat' dir='ltr'>aut</span> <span class='ocrx_word' id='word_1_57' title='bbox 388 760 764 808; x_wconf 82' lang='lat' dir='ltr'>transponendum</span> <span class='ocrx_word' id='word_1_58' title='bbox 805 763 865 802; x_wconf 92' lang='lat' dir='ltr'>sit</span> <span class='ocrx_word' id='word_1_59' title='bbox 904 764 1005 812; x_wconf 93' lang='lat' dir='ltr'>post</span> <span class='ocrx_word' id='word_1_60' title='bbox 1048 762 1294 816; x_wconf 79' lang='grc' dir='ltr'><strong><em>Εὐριπίδου,</em></strong></span> <span class='ocrx_word' id='word_1_61' title='bbox 1341 766 1392 804; x_wconf 87' lang='lat' dir='ltr'>ut</span> <span class='ocrx_word' id='word_1_62' title='bbox 1426 765 1622 805; x_wconf 89' lang='lat' dir='ltr'>ordiatur</span> <span class='ocrx_word' id='word_1_63' title='bbox 1666 777 1731 806; x_wconf 87' lang='lat' dir='ltr'>vs.</span> <span class='ocrx_word' id='word_1_64' title='bbox 1774 768 1975 818; x_wconf 91' lang='lat' dir='ltr'>tertium,</span> 
     </span>
     <span class='ocr_line' id='line_1_9' title="bbox 273 825 1116 880; baseline 0.008 -16"><span class='ocrx_word' id='word_1_65' title='bbox 273 826 351 865; x_wconf 88' lang='lat' dir='ltr'>aut</span> <span class='ocrx_word' id='word_1_66' title='bbox 379 826 525 875; x_wconf 90' lang='lat' dir='ltr'>potius</span> <span class='ocrx_word' id='word_1_67' title='bbox 555 829 656 876; x_wconf 88' lang='lat' dir='ltr'>post</span> <span class='ocrx_word' id='word_1_68' title='bbox 685 825 853 880; x_wconf 79' lang='grc' dir='ltr'><em>γένοιθ’,</em></span> <span class='ocrx_word' id='word_1_69' title='bbox 882 831 931 870; x_wconf 89' lang='lat' dir='ltr'>ut</span> <span class='ocrx_word' id='word_1_70' title='bbox 962 830 1116 870; x_wconf 90' lang='lat' dir='ltr'>fuerit:</span> 
     </span>
    </p>

    <p class='ocr_par' dir='ltr' id='par_1_6' title="bbox 478 890 1741 1016">
     <span class='ocr_line' id='line_1_10' title="bbox 478 890 1741 950; baseline 0.004 -17"><span class='ocrx_word' id='word_1_71' title='bbox 478 915 604 933; x_wconf 72' lang='grc' dir='ltr'>--υ</span> <span class='ocrx_word' id='word_1_72' title='bbox 636 898 693 942; x_wconf 85' lang='lat' dir='ltr'>(v.</span> <span class='ocrx_word' id='word_1_73' title='bbox 713 906 748 936; x_wconf 86' lang='lat' dir='ltr'>c.</span> <span class='ocrx_word' id='word_1_74' title='bbox 783 892 879 946; x_wconf 86' lang='grc' dir='ltr'><strong><em>ἀλλ’,</em></strong></span> <span class='ocrx_word' id='word_1_75' title='bbox 911 890 942 935; x_wconf 82' lang='grc' dir='ltr'><em>ὦ</em></span> <span class='ocrx_word' id='word_1_76' title='bbox 974 893 1070 946; x_wconf 81' lang='grc' dir='ltr'><strong><em>φίλ’)</em></strong></span> <span class='ocrx_word' id='word_1_77' title='bbox 1102 891 1147 936; x_wconf 79' lang='grc' dir='ltr'>εὖ</span> <span class='ocrx_word' id='word_1_78' title='bbox 1178 895 1222 950; x_wconf 79' lang='grc' dir='ltr'>γέ</span> <span class='ocrx_word' id='word_1_79' title='bbox 1253 909 1316 938; x_wconf 91' lang='grc' dir='ltr'>σοι</span> <span class='ocrx_word' id='word_1_80' title='bbox 1346 895 1514 950; x_wconf 79' lang='grc' dir='ltr'><em>γένοιθ’,</em></span> <span class='ocrx_word' id='word_1_81' title='bbox 1543 895 1649 949; x_wconf 81' lang='grc' dir='ltr'><strong><em>ἡμᾶς</em></strong></span> <span class='ocrx_word' id='word_1_82' title='bbox 1682 898 1741 938; x_wconf 81' lang='grc' dir='ltr'>ὅτι</span> 
     </span>
     <span class='ocr_line' id='line_1_11' title="bbox 479 961 1352 1016; baseline 0.003 -14"><span class='ocrx_word' id='word_1_83' title='bbox 479 961 629 1011; x_wconf 81' lang='grc' dir='ltr'><em>ἔσωσας</em></span> <span class='ocrx_word' id='word_1_84' title='bbox 662 962 704 1003; x_wconf 82' lang='grc' dir='ltr'>ἐκ</span> <span class='ocrx_word' id='word_1_85' title='bbox 735 969 814 1003; x_wconf 80' lang='grc' dir='ltr'>τῶν</span> <span class='ocrx_word' id='word_1_86' title='bbox 847 967 967 1016; x_wconf 81' lang='grc' dir='ltr'><strong><em>σῖγμα</em></strong></span> <span class='ocrx_word' id='word_1_87' title='bbox 998 970 1076 1004; x_wconf 83' lang='grc' dir='ltr'>τῶν</span> <span class='ocrx_word' id='word_1_88' title='bbox 1110 964 1352 1016; x_wconf 79' lang='grc' dir='ltr'><strong><em>Εὐριπίδου.</em></strong></span> 
     </span>
    </p>
   </div>
   <div class='ocr_carea' id='block_1_3' title="bbox 212 1024 2070 1099">
    <p class='ocr_par' dir='ltr' id='par_1_7' title="bbox 212 1016 2114 1099">
     <span class='ocr_line' id='line_1_12' title="bbox 212 1024 2070 1099; baseline 0.004 -30"><span class='ocrx_word' id='word_1_89' title='bbox 212 1029 281 1069; x_wconf 87' lang='lat' dir='ltr'>Fr.</span> <span class='ocrx_word' id='word_1_90' title='bbox 314 1030 385 1070; x_wconf 97' lang='lat'>34.</span> <span class='ocrx_word' id='word_1_91' title='bbox 432 1031 515 1071; x_wconf 94' lang='lat' dir='ltr'>Pro</span> <span class='ocrx_word' id='word_1_92' title='bbox 554 1030 802 1083; x_wconf 78' lang='grc' dir='ltr'><strong><em>ἀμφίκολλον</em></strong></span> <span class='ocrx_word' id='word_1_93' title='bbox 842 1033 978 1073; x_wconf 87' lang='lat' dir='ltr'>schol.</span> <span class='ocrx_word' id='word_1_94' title='bbox 1022 1034 1194 1083; x_wconf 85' lang='lat' dir='ltr'>Synesii</span> <span class='ocrx_word' id='word_1_95' title='bbox 1234 1045 1274 1083; x_wconf 93' lang='lat' dir='ltr'>p.</span> <span class='ocrx_word' id='word_1_96' title='bbox 1320 1035 1419 1083; x_wconf 89' lang='lat'>638,</span> <span class='ocrx_word' id='word_1_97' title='bbox 1453 1035 1509 1074; x_wconf 88' lang='lat'>36</span> <span class='ocrx_word' id='word_1_98' title='bbox 1550 1046 1588 1084; x_wconf 90' lang='lat' dir='ltr'>p.</span> <span class='ocrx_word' id='word_1_99' title='bbox 1630 1036 1791 1075; x_wconf 91' lang='lat' dir='ltr'>LXXII</span> <span class='ocrx_word' id='word_1_100' title='bbox 1827 1024 1974 1099; x_wconf 55' lang='lat' dir='ltr'>Herdf.</span> <span class='ocrx_word' id='word_1_101' title='bbox 2024 1043 2070 1072; x_wconf 50' lang='grc' dir='ltr'>«ἐπ</span> 
     </span>
    </p>
   </div>
   <div class='ocr_carea' id='block_1_4' title="bbox 208 1097 1975 3234">
    <p class='ocr_par' dir='ltr' id='par_1_8' title="bbox 272 1097 1926 1150">
     <span class='ocr_line' id='line_1_13' title="bbox 272 1097 1926 1150; baseline 0.004 -14"><span class='ocrx_word' id='word_1_102' title='bbox 272 1098 316 1137; x_wconf 89' lang='lat' dir='ltr'>et</span> <span class='ocrx_word' id='word_1_103' title='bbox 347 1097 518 1146; x_wconf 88' lang='lat' dir='ltr'>Synesii</span> <span class='ocrx_word' id='word_1_104' title='bbox 549 1101 676 1149; x_wconf 81' lang='lat' dir='ltr'><strong>epist.</strong></span> <span class='ocrx_word' id='word_1_105' title='bbox 710 1100 735 1139; x_wconf 89' lang='lat'><strong>3</strong></span> <span class='ocrx_word' id='word_1_106' title='bbox 768 1097 1050 1150; x_wconf 82' lang='grc' dir='ltr'><strong><em>ἀμφικέφαλον</em></strong></span> <span class='ocrx_word' id='word_1_107' title='bbox 1082 1101 1242 1140; x_wconf 89' lang='lat' dir='ltr'>habere</span> <span class='ocrx_word' id='word_1_108' title='bbox 1274 1102 1447 1141; x_wconf 90' lang='lat' dir='ltr'>monuit</span> <span class='ocrx_word' id='word_1_109' title='bbox 1477 1102 1642 1142; x_wconf 84' lang='lat' dir='ltr'>Nauck.</span> <span class='ocrx_word' id='word_1_110' title='bbox 1676 1102 1737 1142; x_wconf 85' lang='lat' dir='ltr'>Cf.</span> <span class='ocrx_word' id='word_1_111' title='bbox 1771 1103 1926 1143; x_wconf 87' lang='lat' dir='ltr'>lexica.</span> 
     </span>
    </p>

    <p class='ocr_par' dir='ltr' id='par_1_9' title="bbox 212 1163 1975 1488">
     <span class='ocr_line' id='line_1_14' title="bbox 212 1163 1975 1219; baseline 0.003 -15"><span class='ocrx_word' id='word_1_112' title='bbox 212 1163 282 1204; x_wconf 87' lang='lat' dir='ltr'>Fr.</span> <span class='ocrx_word' id='word_1_113' title='bbox 313 1165 383 1216; x_wconf 87' lang='lat'>43,</span> <span class='ocrx_word' id='word_1_114' title='bbox 416 1167 452 1206; x_wconf 92' lang='grc'>1.</span> <span class='ocrx_word' id='word_1_115' title='bbox 495 1164 619 1219; x_wconf 82' lang='grc' dir='ltr'><strong><em>ἀργόν</em></strong></span> <span class='ocrx_word' id='word_1_116' title='bbox 659 1167 777 1207; x_wconf 90' lang='lat' dir='ltr'>male</span> <span class='ocrx_word' id='word_1_117' title='bbox 818 1168 863 1207; x_wconf 89' lang='lat' dir='ltr'>in</span> <span class='ocrx_word' id='word_1_118' title='bbox 901 1166 1024 1207; x_wconf 83' lang='grc' dir='ltr'><strong><em>οὐδέν</em></strong></span> <span class='ocrx_word' id='word_1_119' title='bbox 1055 1170 1203 1208; x_wconf 83' lang='lat' dir='ltr'>mutat</span> <span class='ocrx_word' id='word_1_120' title='bbox 1233 1169 1298 1208; x_wconf 90' lang='lat' dir='ltr'>Bl.</span> <span class='ocrx_word' id='word_1_121' title='bbox 1330 1169 1650 1219; x_wconf 83' lang='lat' dir='ltr'>Explicandum</span> <span class='ocrx_word' id='word_1_122' title='bbox 1682 1171 1854 1210; x_wconf 91' lang='lat' dir='ltr'>videtur</span> <span class='ocrx_word' id='word_1_123' title='bbox 1885 1181 1975 1211; x_wconf 89' lang='lat' dir='ltr'>res</span> 
     </span>
     <span class='ocr_line' id='line_1_15' title="bbox 271 1231 1973 1287; baseline 0.004 -17"><span class='ocrx_word' id='word_1_124' title='bbox 271 1231 438 1273; x_wconf 88' lang='lat' dir='ltr'>iners.</span> <span class='ocrx_word' id='word_1_125' title='bbox 481 1233 542 1274; x_wconf 82' lang='lat' dir='ltr'>cf.</span> <span class='ocrx_word' id='word_1_126' title='bbox 586 1232 758 1287; x_wconf 78' lang='grc' dir='ltr'><strong><em>ἐνεργεῖν</em></strong></span> <span class='ocrx_word' id='word_1_127' title='bbox 794 1235 1040 1275; x_wconf 88' lang='lat' dir='ltr'>adhibitum</span> <span class='ocrx_word' id='word_1_128' title='bbox 1069 1236 1121 1275; x_wconf 92' lang='lat' dir='ltr'>de</span> <span class='ocrx_word' id='word_1_129' title='bbox 1153 1236 1284 1276; x_wconf 91' lang='lat' dir='ltr'>coitu.</span> <span class='ocrx_word' id='word_1_130' title='bbox 1318 1236 1418 1275; x_wconf 88' lang='lat' dir='ltr'>Scil.</span> <span class='ocrx_word' id='word_1_131' title='bbox 1450 1237 1612 1276; x_wconf 90' lang='lat' dir='ltr'>mulier</span> <span class='ocrx_word' id='word_1_132' title='bbox 1635 1238 1895 1277; x_wconf 80' lang='grc' dir='ltr'><strong><em>καθεύδουσα</em></strong></span> <span class='ocrx_word' id='word_1_133' title='bbox 1926 1237 1973 1277; x_wconf 83' lang='grc' dir='ltr'><strong><em>οὐ</em></strong></span> 
     </span>
     <span class='ocr_line' id='line_1_16' title="bbox 270 1302 1973 1352; baseline 0.004 -14"><span class='ocrx_word' id='word_1_134' title='bbox 270 1304 654 1352; x_wconf 81' lang='grc' dir='ltr'><strong><em>προσκινεῖται.</em></strong></span> <span class='ocrx_word' id='word_1_135' title='bbox 696 1302 846 1351; x_wconf 86' lang='lat' dir='ltr'>Aeque</span> <span class='ocrx_word' id='word_1_136' title='bbox 883 1303 1168 1352; x_wconf 86' lang='lat' dir='ltr'>improbabile</span> <span class='ocrx_word' id='word_1_137' title='bbox 1195 1305 1263 1343; x_wconf 90' lang='lat' dir='ltr'>est</span> <span class='ocrx_word' id='word_1_138' title='bbox 1287 1303 1402 1352; x_wconf 90' lang='lat' dir='ltr'>quod</span> <span class='ocrx_word' id='word_1_139' title='bbox 1427 1303 1479 1343; x_wconf 87' lang='lat' dir='ltr'>fr.</span> <span class='ocrx_word' id='word_1_140' title='bbox 1508 1305 1565 1343; x_wconf 91' lang='lat'>44</span> <span class='ocrx_word' id='word_1_141' title='bbox 1591 1302 1715 1343; x_wconf 78' lang='grc' dir='ltr'><strong><em>αὐτόν</em></strong></span> <span class='ocrx_word' id='word_1_142' title='bbox 1752 1306 1898 1344; x_wconf 91' lang='lat' dir='ltr'>mutat</span> <span class='ocrx_word' id='word_1_143' title='bbox 1929 1305 1973 1344; x_wconf 92' lang='lat' dir='ltr'>in</span> 
     </span>
     <span class='ocr_line' id='line_1_17' title="bbox 268 1367 1974 1421; baseline 0.002 -14"><span class='ocrx_word' id='word_1_144' title='bbox 268 1367 402 1420; x_wconf 78' lang='grc' dir='ltr'><strong><em>ἰχθύν.</em></strong></span> <span class='ocrx_word' id='word_1_145' title='bbox 426 1369 611 1409; x_wconf 87' lang='lat' dir='ltr'>Librarii</span> <span class='ocrx_word' id='word_1_146' title='bbox 641 1371 833 1420; x_wconf 81' lang='lat' dir='ltr'>talpae</span> <span class='ocrx_word' id='word_1_147' title='bbox 864 1381 951 1410; x_wconf 93' lang='lat' dir='ltr'>non</span> <span class='ocrx_word' id='word_1_148' title='bbox 983 1372 1129 1421; x_wconf 91' lang='lat' dir='ltr'>erant,</span> <span class='ocrx_word' id='word_1_149' title='bbox 1156 1372 1206 1410; x_wconf 91' lang='lat' dir='ltr'>ut</span> <span class='ocrx_word' id='word_1_150' title='bbox 1231 1371 1429 1420; x_wconf 78' lang='lat' dir='ltr'>arbitror,</span> <span class='ocrx_word' id='word_1_151' title='bbox 1458 1372 1507 1410; x_wconf 91' lang='lat' dir='ltr'>ut</span> <span class='ocrx_word' id='word_1_152' title='bbox 1523 1371 1656 1411; x_wconf 88' lang='lat' dir='ltr'>verba</span> <span class='ocrx_word' id='word_1_153' title='bbox 1677 1372 1974 1411; x_wconf 90' lang='lat' dir='ltr'>dissimillima</span> 
     </span>
     <span class='ocr_line' id='line_1_18' title="bbox 270 1437 726 1488; baseline 0.004 -12"><span class='ocrx_word' id='word_1_154' title='bbox 270 1447 358 1477; x_wconf 89' lang='lat' dir='ltr'>non</span> <span class='ocrx_word' id='word_1_155' title='bbox 390 1437 726 1488; x_wconf 84' lang='lat' dir='ltr'>distinguerent.</span> 
     </span>
    </p>

    <p class='ocr_par' dir='ltr' id='par_1_10' title="bbox 214 1501 1974 1891">
     <span class='ocr_line' id='line_1_19' title="bbox 214 1501 1968 1557; baseline 0.001 -14"><span class='ocrx_word' id='word_1_156' title='bbox 214 1503 283 1544; x_wconf 85' lang='lat' dir='ltr'>Fr.</span> <span class='ocrx_word' id='word_1_157' title='bbox 317 1505 389 1555; x_wconf 85' lang='lat'>46,</span> <span class='ocrx_word' id='word_1_158' title='bbox 424 1506 464 1544; x_wconf 86' lang='lat'>3.</span> <span class='ocrx_word' id='word_1_159' title='bbox 507 1506 572 1545; x_wconf 92' lang='lat' dir='ltr'>Bl.</span> <span class='ocrx_word' id='word_1_160' title='bbox 613 1506 742 1545; x_wconf 84' lang='lat' dir='ltr'>malit</span> <span class='ocrx_word' id='word_1_161' title='bbox 772 1501 852 1544; x_wconf 88' lang='grc' dir='ltr'><strong><em>ἀλλ’</em></strong></span> <span class='ocrx_word' id='word_1_162' title='bbox 887 1501 958 1544; x_wconf 77' lang='grc' dir='ltr'><strong><em>ἔστ’</em></strong></span> <span class='ocrx_word' id='word_1_163' title='bbox 993 1503 1174 1557; x_wconf 71' lang='grc' dir='ltr'><strong><em>ἀγγεῖον,</em></strong></span> <span class='ocrx_word' id='word_1_164' title='bbox 1210 1507 1259 1543; x_wconf 92' lang='grc' dir='ltr'>Α.</span> <span class='ocrx_word' id='word_1_165' title='bbox 1292 1504 1346 1552; x_wconf 86' lang='grc' dir='ltr'>εἰς</span> <span class='ocrx_word' id='word_1_166' title='bbox 1375 1505 1524 1544; x_wconf 84' lang='grc' dir='ltr'><strong><em>θυείαν</em></strong></span> <span class='ocrx_word' id='word_1_167' title='bbox 1554 1504 1741 1545; x_wconf 85' lang='grc' dir='ltr'><strong><em>παιστέον</em></strong></span> <span class='ocrx_word' id='word_1_168' title='bbox 1784 1508 1861 1546; x_wconf 78' lang='lat' dir='ltr'>aut</span> <span class='ocrx_word' id='word_1_169' title='bbox 1891 1502 1968 1545; x_wconf 86' lang='grc' dir='ltr'><strong><em>ἀλλ’</em></strong></span> 
     </span>
     <span class='ocr_line' id='line_1_20' title="bbox 271 1568 1974 1625; baseline 0.002 -15"><span class='ocrx_word' id='word_1_170' title='bbox 271 1570 346 1611; x_wconf 81' lang='grc' dir='ltr'><strong><em>οὐκ</em></strong></span> <span class='ocrx_word' id='word_1_171' title='bbox 392 1568 462 1611; x_wconf 79' lang='grc' dir='ltr'><strong><em>ἔστ’</em></strong></span> <span class='ocrx_word' id='word_1_172' title='bbox 511 1571 631 1625; x_wconf 73' lang='grc' dir='ltr'><strong><em>ἄγγος</em></strong></span> <span class='ocrx_word' id='word_1_173' title='bbox 673 1575 722 1611; x_wconf 91' lang='grc' dir='ltr'>Α.</span> <span class='ocrx_word' id='word_1_174' title='bbox 764 1572 819 1620; x_wconf 85' lang='grc' dir='ltr'><strong><em>εἰς</em></strong></span> <span class='ocrx_word' id='word_1_175' title='bbox 850 1575 892 1611; x_wconf 77' lang='grc' dir='ltr'>θ.</span> <span class='ocrx_word' id='word_1_176' title='bbox 923 1586 963 1611; x_wconf 91' lang='grc' dir='ltr'><strong><em>π.</em></strong></span> <span class='ocrx_word' id='word_1_177' title='bbox 996 1573 1218 1612; x_wconf 83' lang='lat' dir='ltr'>Posterior</span> <span class='ocrx_word' id='word_1_178' title='bbox 1249 1573 1499 1612; x_wconf 91' lang='lat' dir='ltr'>coniectura</span> <span class='ocrx_word' id='word_1_179' title='bbox 1529 1573 1656 1613; x_wconf 83' lang='lat' dir='ltr'>valde</span> <span class='ocrx_word' id='word_1_180' title='bbox 1686 1574 1795 1613; x_wconf 91' lang='lat' dir='ltr'>mihi</span> <span class='ocrx_word' id='word_1_181' title='bbox 1830 1574 1974 1623; x_wconf 90' lang='lat' dir='ltr'>placet</span> 
     </span>
     <span class='ocr_line' id='line_1_21' title="bbox 269 1637 1969 1697; baseline -0.001 -17"><span class='ocrx_word' id='word_1_182' title='bbox 269 1641 313 1680; x_wconf 87' lang='lat' dir='ltr'>et</span> <span class='ocrx_word' id='word_1_183' title='bbox 352 1640 604 1681; x_wconf 88' lang='lat' dir='ltr'>Kockianae</span> <span class='ocrx_word' id='word_1_184' title='bbox 642 1641 927 1691; x_wconf 87' lang='lat' dir='ltr'>praeferenda</span> <span class='ocrx_word' id='word_1_185' title='bbox 962 1641 1148 1680; x_wconf 89' lang='lat' dir='ltr'>videtur.</span> <span class='ocrx_word' id='word_1_186' title='bbox 1181 1641 1333 1697; x_wconf 83' lang='lat' dir='ltr'>Paullo</span> <span class='ocrx_word' id='word_1_187' title='bbox 1364 1642 1515 1680; x_wconf 87' lang='lat' dir='ltr'>tamen</span> <span class='ocrx_word' id='word_1_188' title='bbox 1546 1641 1687 1681; x_wconf 89' lang='lat' dir='ltr'>lenius</span> <span class='ocrx_word' id='word_1_189' title='bbox 1718 1642 1861 1690; x_wconf 89' lang='lat' dir='ltr'>possis</span> <span class='ocrx_word' id='word_1_190' title='bbox 1891 1637 1969 1679; x_wconf 78' lang='grc' dir='ltr'>ἀλλ’</span> 
     </span>
     <span class='ocr_line' id='line_1_22' title="bbox 269 1703 1972 1760; baseline 0.001 -14"><span class='ocrx_word' id='word_1_191' title='bbox 269 1704 390 1760; x_wconf 72' lang='grc' dir='ltr'><strong><em>ἄγγος</em></strong></span> <span class='ocrx_word' id='word_1_192' title='bbox 429 1707 504 1748; x_wconf 82' lang='grc' dir='ltr'><strong><em>οὐκ</em></strong></span> <span class='ocrx_word' id='word_1_193' title='bbox 544 1703 616 1747; x_wconf 78' lang='grc' dir='ltr'><strong><em>ἔστ’</em></strong></span> <span class='ocrx_word' id='word_1_194' title='bbox 648 1706 723 1747; x_wconf 84' lang='grc' dir='ltr'>κτὲ.</span> <span class='ocrx_word' id='word_1_195' title='bbox 755 1710 799 1748; x_wconf 88' lang='lat' dir='ltr'>et</span> <span class='ocrx_word' id='word_1_196' title='bbox 830 1709 1018 1748; x_wconf 84' lang='lat' dir='ltr'>fortasse</span> <span class='ocrx_word' id='word_1_197' title='bbox 1049 1709 1245 1757; x_wconf 83' lang='lat' dir='ltr'>praestat</span> <span class='ocrx_word' id='word_1_198' title='bbox 1276 1708 1419 1747; x_wconf 84' lang='lat' dir='ltr'>forma</span> <span class='ocrx_word' id='word_1_199' title='bbox 1448 1709 1560 1747; x_wconf 84' lang='grc' dir='ltr'><strong><em>θυΐα.</em></strong></span> <span class='ocrx_word' id='word_1_200' title='bbox 1594 1731 1647 1737; x_wconf 88' lang='grc'><strong>-</strong></span> <span class='ocrx_word' id='word_1_201' title='bbox 1675 1708 1750 1748; x_wconf 88' lang='lat' dir='ltr'>Vs.</span> <span class='ocrx_word' id='word_1_202' title='bbox 1787 1709 1840 1747; x_wconf 89' lang='lat'>10</span> <span class='ocrx_word' id='word_1_203' title='bbox 1872 1719 1972 1748; x_wconf 91' lang='lat' dir='ltr'>cum</span> 
     </span>
     <span class='ocr_line' id='line_1_23' title="bbox 269 1771 1972 1826; baseline 0 -11"><span class='ocrx_word' id='word_1_204' title='bbox 269 1775 424 1815; x_wconf 81' lang='lat' dir='ltr'>eodem</span> <span class='ocrx_word' id='word_1_205' title='bbox 464 1775 619 1815; x_wconf 82' lang='lat' dir='ltr'>malim</span> <span class='ocrx_word' id='word_1_206' title='bbox 665 1781 743 1814; x_wconf 82' lang='grc' dir='ltr'>τῶν</span> <span class='ocrx_word' id='word_1_207' title='bbox 784 1771 993 1826; x_wconf 81' lang='grc' dir='ltr'><strong><em>Ἰσθμίων,</em></strong></span> <span class='ocrx_word' id='word_1_208' title='bbox 1033 1776 1110 1814; x_wconf 76' lang='lat' dir='ltr'>aut</span> <span class='ocrx_word' id='word_1_209' title='bbox 1150 1775 1294 1814; x_wconf 82' lang='lat' dir='ltr'>lenius</span> <span class='ocrx_word' id='word_1_210' title='bbox 1333 1780 1411 1813; x_wconf 84' lang='grc' dir='ltr'>τῶν</span> <span class='ocrx_word' id='word_1_211' title='bbox 1447 1771 1710 1826; x_wconf 83' lang='grc' dir='ltr'><strong><em>Ἰσθμιάδων,</em></strong></span> <span class='ocrx_word' id='word_1_212' title='bbox 1751 1777 1799 1814; x_wconf 83' lang='lat' dir='ltr'>ut</span> <span class='ocrx_word' id='word_1_213' title='bbox 1829 1775 1972 1815; x_wconf 80' lang='lat' dir='ltr'>dicere</span> 
     </span>
     <span class='ocr_line' id='line_1_24' title="bbox 267 1842 1414 1891; baseline -0.002 -9"><span class='ocrx_word' id='word_1_214' title='bbox 267 1842 382 1882; x_wconf 89' lang='lat' dir='ltr'>solet</span> <span class='ocrx_word' id='word_1_215' title='bbox 411 1842 644 1890; x_wconf 91' lang='lat' dir='ltr'>Pindarus;</span> <span class='ocrx_word' id='word_1_216' title='bbox 678 1843 755 1882; x_wconf 91' lang='lat' dir='ltr'>sed</span> <span class='ocrx_word' id='word_1_217' title='bbox 787 1842 894 1881; x_wconf 88' lang='lat' dir='ltr'>nihil</span> <span class='ocrx_word' id='word_1_218' title='bbox 925 1844 1098 1881; x_wconf 90' lang='lat' dir='ltr'>mutare</span> <span class='ocrx_word' id='word_1_219' title='bbox 1130 1842 1414 1891; x_wconf 86' lang='lat' dir='ltr'>praestiterit.</span> 
     </span>
    </p>

    <p class='ocr_par' dir='ltr' id='par_1_11' title="bbox 210 1908 1972 2095">
     <span class='ocr_line' id='line_1_25' title="bbox 210 1908 1972 1960; baseline 0 -12"><span class='ocrx_word' id='word_1_220' title='bbox 210 1909 279 1949; x_wconf 91' lang='lat' dir='ltr'>Fr.</span> <span class='ocrx_word' id='word_1_221' title='bbox 312 1910 382 1959; x_wconf 85' lang='lat'>47,</span> <span class='ocrx_word' id='word_1_222' title='bbox 418 1910 458 1949; x_wconf 87' lang='lat'>2.</span> <span class='ocrx_word' id='word_1_223' title='bbox 506 1910 571 1949; x_wconf 94' lang='lat' dir='ltr'>Bl.</span> <span class='ocrx_word' id='word_1_224' title='bbox 618 1920 694 1959; x_wconf 91' lang='lat' dir='ltr'>pro</span> <span class='ocrx_word' id='word_1_225' title='bbox 740 1908 910 1959; x_wconf 82' lang='grc' dir='ltr'><strong><em>πέμπειν</em></strong></span> <span class='ocrx_word' id='word_1_226' title='bbox 957 1909 1068 1949; x_wconf 87' lang='lat' dir='ltr'>coni.</span> <span class='ocrx_word' id='word_1_227' title='bbox 1112 1908 1284 1960; x_wconf 78' lang='grc' dir='ltr'><strong><em>βάλλειν,</em></strong></span> <span class='ocrx_word' id='word_1_228' title='bbox 1323 1909 1435 1958; x_wconf 90' lang='lat' dir='ltr'>quod</span> <span class='ocrx_word' id='word_1_229' title='bbox 1482 1919 1614 1949; x_wconf 88' lang='lat' dir='ltr'>nemo</span> <span class='ocrx_word' id='word_1_230' title='bbox 1658 1909 1864 1949; x_wconf 88' lang='lat' dir='ltr'>librarius</span> <span class='ocrx_word' id='word_1_231' title='bbox 1910 1910 1972 1949; x_wconf 88' lang='lat' dir='ltr'>ita</span> 
     </span>
     <span class='ocr_line' id='line_1_26' title="bbox 267 1973 1970 2027; baseline -0.001 -10"><span class='ocrx_word' id='word_1_232' title='bbox 267 1978 505 2027; x_wconf 84' lang='lat' dir='ltr'>mutasset,</span> <span class='ocrx_word' id='word_1_233' title='bbox 549 1978 628 2018; x_wconf 87' lang='lat' dir='ltr'>aut</span> <span class='ocrx_word' id='word_1_234' title='bbox 667 1973 812 2027; x_wconf 82' lang='grc' dir='ltr'><strong><em>ἀφιέν’,</em></strong></span> <span class='ocrx_word' id='word_1_235' title='bbox 850 1977 964 2026; x_wconf 89' lang='lat' dir='ltr'>quod</span> <span class='ocrx_word' id='word_1_236' title='bbox 996 1986 1120 2027; x_wconf 89' lang='lat' dir='ltr'>sane,</span> <span class='ocrx_word' id='word_1_237' title='bbox 1161 1977 1199 2015; x_wconf 90' lang='lat' dir='ltr'>si</span> <span class='ocrx_word' id='word_1_238' title='bbox 1230 1976 1332 2025; x_wconf 91' lang='lat' dir='ltr'>quid</span> <span class='ocrx_word' id='word_1_239' title='bbox 1365 1976 1629 2016; x_wconf 90' lang='lat' dir='ltr'>mutandum</span> <span class='ocrx_word' id='word_1_240' title='bbox 1661 1978 1797 2026; x_wconf 89' lang='lat' dir='ltr'>esset,</span> <span class='ocrx_word' id='word_1_241' title='bbox 1830 1977 1970 2016; x_wconf 91' lang='lat' dir='ltr'>multo</span> 
     </span>
     <span class='ocr_line' id='line_1_27' title="bbox 265 2041 1866 2095; baseline -0.001 -12"><span class='ocrx_word' id='word_1_242' title='bbox 265 2044 379 2084; x_wconf 74' lang='lat' dir='ltr'>foret</span> <span class='ocrx_word' id='word_1_243' title='bbox 410 2044 690 2093; x_wconf 81' lang='lat' dir='ltr'>probabilius.</span> <span class='ocrx_word' id='word_1_244' title='bbox 723 2044 782 2083; x_wconf 87' lang='lat' dir='ltr'>At</span> <span class='ocrx_word' id='word_1_245' title='bbox 815 2044 866 2084; x_wconf 87' lang='lat' dir='ltr'>cf.</span> <span class='ocrx_word' id='word_1_246' title='bbox 902 2045 971 2093; x_wconf 78' lang='lat'>51,</span> <span class='ocrx_word' id='word_1_247' title='bbox 1006 2044 1032 2082; x_wconf 87' lang='lat'>3</span> <span class='ocrx_word' id='word_1_248' title='bbox 1064 2045 1238 2095; x_wconf 81' lang='grc' dir='ltr'><strong><em>γλῶτταν</em></strong></span> <span class='ocrx_word' id='word_1_249' title='bbox 1271 2041 1433 2095; x_wconf 79' lang='grc' dir='ltr'><strong><em>ἀγαθὴν</em></strong></span> <span class='ocrx_word' id='word_1_250' title='bbox 1464 2041 1866 2093; x_wconf 62' lang='grc' dir='ltr'><strong><em>πέμπετε-τάφίετε.</em></strong></span> 
     </span>
    </p>

    <p class='ocr_par' dir='ltr' id='par_1_12' title="bbox 209 2105 1970 2229">
     <span class='ocr_line' id='line_1_28' title="bbox 209 2105 1970 2162; baseline -0.001 -11"><span class='ocrx_word' id='word_1_251' title='bbox 209 2111 278 2151; x_wconf 82' lang='lat' dir='ltr'>Fr.</span> <span class='ocrx_word' id='word_1_252' title='bbox 310 2112 380 2151; x_wconf 86' lang='lat'>49.</span> <span class='ocrx_word' id='word_1_253' title='bbox 422 2111 574 2160; x_wconf 75' lang='lat' dir='ltr'>Recte,</span> <span class='ocrx_word' id='word_1_254' title='bbox 618 2111 663 2150; x_wconf 91' lang='lat' dir='ltr'>ni</span> <span class='ocrx_word' id='word_1_255' title='bbox 693 2111 836 2161; x_wconf 84' lang='lat' dir='ltr'>fallor,</span> <span class='ocrx_word' id='word_1_256' title='bbox 878 2111 942 2150; x_wconf 88' lang='lat' dir='ltr'>Bl.</span> <span class='ocrx_word' id='word_1_257' title='bbox 982 2106 1078 2149; x_wconf 79' lang='grc' dir='ltr'><strong><em>ὥσθ’</em></strong></span> <span class='ocrx_word' id='word_1_258' title='bbox 1112 2106 1188 2148; x_wconf 79' lang='grc' dir='ltr'><strong><em>ἅττ’</em></strong></span> <span class='ocrx_word' id='word_1_259' title='bbox 1223 2108 1295 2161; x_wconf 79' lang='grc' dir='ltr'>ἔχω</span> <span class='ocrx_word' id='word_1_260' title='bbox 1322 2108 1329 2161; x_wconf 84' lang='grc' dir='ltr'>Ι</span> <span class='ocrx_word' id='word_1_261' title='bbox 1356 2105 1459 2148; x_wconf 81' lang='grc' dir='ltr'><strong><em>ταῦτ’</em></strong></span> <span class='ocrx_word' id='word_1_262' title='bbox 1496 2108 1535 2156; x_wconf 81' lang='grc' dir='ltr'>ἒς</span> <span class='ocrx_word' id='word_1_263' title='bbox 1566 2109 1748 2162; x_wconf 82' lang='grc' dir='ltr'><strong><em>ταρίχους</em></strong></span> <span class='ocrx_word' id='word_1_264' title='bbox 1779 2108 1970 2161; x_wconf 82' lang='grc' dir='ltr'><strong><em>ἀπολῶ,</em></strong></span> 
     </span>
     <span class='ocr_line' id='line_1_29' title="bbox 268 2175 1832 2229; baseline 0.001 -12"><span class='ocrx_word' id='word_1_265' title='bbox 268 2179 346 2218; x_wconf 89' lang='lat' dir='ltr'>aut</span> <span class='ocrx_word' id='word_1_266' title='bbox 376 2175 655 2228; x_wconf 82' lang='grc' dir='ltr'><strong><em>ἀπολέσαι,</em></strong></span> <span class='ocrx_word' id='word_1_267' title='bbox 685 2179 912 2227; x_wconf 90' lang='lat' dir='ltr'>praeterea</span> <span class='ocrx_word' id='word_1_268' title='bbox 942 2179 1121 2217; x_wconf 91' lang='lat' dir='ltr'>tentans</span> <span class='ocrx_word' id='word_1_269' title='bbox 1151 2175 1364 2229; x_wconf 81' lang='grc' dir='ltr'><strong><em>ἀποβαλῶ,</em></strong></span> <span class='ocrx_word' id='word_1_270' title='bbox 1395 2175 1628 2224; x_wconf 80' lang='grc' dir='ltr'><strong><em>ἐξαναλώσω</em></strong></span> <span class='ocrx_word' id='word_1_271' title='bbox 1660 2180 1704 2217; x_wconf 92' lang='lat' dir='ltr'>et</span> <span class='ocrx_word' id='word_1_272' title='bbox 1734 2178 1832 2218; x_wconf 88' lang='lat' dir='ltr'>alia.</span> 
     </span>
    </p>

    <p class='ocr_par' dir='ltr' id='par_1_13' title="bbox 208 2244 1969 2363">
     <span class='ocr_line' id='line_1_30' title="bbox 208 2244 1969 2295; baseline 0.001 -12"><span class='ocrx_word' id='word_1_273' title='bbox 208 2244 277 2285; x_wconf 85' lang='lat' dir='ltr'>Fr.</span> <span class='ocrx_word' id='word_1_274' title='bbox 311 2245 381 2294; x_wconf 86' lang='lat'>51,</span> <span class='ocrx_word' id='word_1_275' title='bbox 419 2245 456 2284; x_wconf 93' lang='lat'>1.</span> <span class='ocrx_word' id='word_1_276' title='bbox 503 2244 568 2285; x_wconf 92' lang='lat' dir='ltr'>Bl.</span> <span class='ocrx_word' id='word_1_277' title='bbox 610 2245 683 2284; x_wconf 87' lang='lat' dir='ltr'>cft.</span> <span class='ocrx_word' id='word_1_278' title='bbox 727 2245 875 2294; x_wconf 88' lang='lat' dir='ltr'>Eupol.</span> <span class='ocrx_word' id='word_1_279' title='bbox 918 2245 961 2283; x_wconf 95' lang='lat' dir='ltr'>II</span> <span class='ocrx_word' id='word_1_280' title='bbox 1003 2246 1090 2284; x_wconf 89' lang='lat'>464</span> <span class='ocrx_word' id='word_1_281' title='bbox 1134 2246 1176 2284; x_wconf 90' lang='lat' dir='ltr'>et</span> <span class='ocrx_word' id='word_1_282' title='bbox 1218 2245 1399 2294; x_wconf 89' lang='lat' dir='ltr'>Ephipp.</span> <span class='ocrx_word' id='word_1_283' title='bbox 1445 2245 1508 2284; x_wconf 91' lang='lat' dir='ltr'>III</span> <span class='ocrx_word' id='word_1_284' title='bbox 1540 2245 1640 2295; x_wconf 87' lang='lat'>839,</span> <span class='ocrx_word' id='word_1_285' title='bbox 1684 2255 1747 2284; x_wconf 90' lang='lat' dir='ltr'>vs.</span> <span class='ocrx_word' id='word_1_286' title='bbox 1789 2246 1814 2284; x_wconf 87' lang='lat'><strong>3</strong></span> <span class='ocrx_word' id='word_1_287' title='bbox 1859 2245 1969 2284; x_wconf 90' lang='lat' dir='ltr'>citra</span> 
     </span>
     <span class='ocr_line' id='line_1_31' title="bbox 267 2312 1135 2363; baseline -0.001 -12"><span class='ocrx_word' id='word_1_288' title='bbox 267 2312 582 2352; x_wconf 87' lang='lat' dir='ltr'>necessitatem</span> <span class='ocrx_word' id='word_1_289' title='bbox 613 2313 833 2353; x_wconf 90' lang='lat' dir='ltr'>coniciens</span> <span class='ocrx_word' id='word_1_290' title='bbox 863 2315 1135 2363; x_wconf 82' lang='grc' dir='ltr'><strong><em>καλλιερῆσθε.</em></strong></span> 
     </span>
    </p>

    <p class='ocr_par' dir='ltr' id='par_1_14' title="bbox 210 2377 1969 2565">
     <span class='ocr_line' id='line_1_32' title="bbox 210 2377 1969 2431; baseline -0.001 -13"><span class='ocrx_word' id='word_1_291' title='bbox 210 2379 315 2419; x_wconf 86' lang='lat' dir='ltr'>Post</span> <span class='ocrx_word' id='word_1_292' title='bbox 345 2378 398 2418; x_wconf 83' lang='lat' dir='ltr'>fr.</span> <span class='ocrx_word' id='word_1_293' title='bbox 432 2380 487 2418; x_wconf 87' lang='lat'>54</span> <span class='ocrx_word' id='word_1_294' title='bbox 522 2390 545 2419; x_wconf 91' lang='lat' dir='ltr'>e</span> <span class='ocrx_word' id='word_1_295' title='bbox 585 2380 727 2420; x_wconf 86' lang='lat' dir='ltr'>lexico</span> <span class='ocrx_word' id='word_1_296' title='bbox 770 2380 1016 2419; x_wconf 81' lang='lat' dir='ltr'>Sabbai&#39;tico</span> <span class='ocrx_word' id='word_1_297' title='bbox 1054 2390 1094 2428; x_wconf 91' lang='lat' dir='ltr'>p.</span> <span class='ocrx_word' id='word_1_298' title='bbox 1129 2380 1168 2429; x_wconf 90' lang='lat'>3,</span> <span class='ocrx_word' id='word_1_299' title='bbox 1206 2380 1227 2418; x_wconf 93' lang='lat'>1</span> <span class='ocrx_word' id='word_1_300' title='bbox 1271 2379 1402 2419; x_wconf 90' lang='lat' dir='ltr'>adde:</span> <span class='ocrx_word' id='word_1_301' title='bbox 1452 2377 1771 2430; x_wconf 83' lang='grc' dir='ltr'><strong><em>ἁφροδίσιος</em></strong></span> <span class='ocrx_word' id='word_1_302' title='bbox 1817 2379 1969 2431; x_wconf 71' lang='grc' dir='ltr'><strong><em>λόγος</em></strong></span> 
     </span>
     <span class='ocr_line' id='line_1_33' title="bbox 270 2441 1969 2503; baseline 0.001 -19"><span class='ocrx_word' id='word_1_303' title='bbox 270 2445 439 2485; x_wconf 80' lang='grc' dir='ltr'><strong><em>Πλάτων</em></strong></span> <span class='ocrx_word' id='word_1_304' title='bbox 471 2441 555 2486; x_wconf 80' lang='grc' dir='ltr'><strong><em>εἷπε</em></strong></span> <span class='ocrx_word' id='word_1_305' title='bbox 588 2445 652 2486; x_wconf 79' lang='grc' dir='ltr'>Διὶ</span> <span class='ocrx_word' id='word_1_306' title='bbox 685 2445 919 2503; x_wconf 77' lang='grc' dir='ltr'><strong><em>κακουμένῳ</em></strong></span> <span class='ocrx_word' id='word_1_307' title='bbox 958 2449 1003 2487; x_wconf 73' lang='lat' dir='ltr'>et</span> <span class='ocrx_word' id='word_1_308' title='bbox 1034 2446 1186 2486; x_wconf 82' lang='lat' dir='ltr'>deinde</span> <span class='ocrx_word' id='word_1_309' title='bbox 1218 2443 1285 2484; x_wconf 84' lang='grc' dir='ltr'>καὶ</span> <span class='ocrx_word' id='word_1_310' title='bbox 1311 2445 1682 2497; x_wconf 76' lang='grc' dir='ltr'><strong><em>Ἀφροδιταρίδ</em></strong></span> <span class='ocrx_word' id='word_1_311' title='bbox 1693 2460 1775 2485; x_wconf 93' lang='grc' dir='ltr'>ιον</span> <span class='ocrx_word' id='word_1_312' title='bbox 1801 2443 1822 2485; x_wconf 83' lang='grc' dir='ltr'><em>ὅ</em></span> <span class='ocrx_word' id='word_1_313' title='bbox 1850 2445 1969 2493; x_wconf 82' lang='grc' dir='ltr'><strong><em>αὐτὸς</em></strong></span> 
     </span>
     <span class='ocr_line' id='line_1_34' title="bbox 269 2511 583 2565; baseline 0.003 -13"><span class='ocrx_word' id='word_1_314' title='bbox 269 2511 583 2565; x_wconf 79' lang='grc' dir='ltr'><strong><em>ὑποκοριστικῶς</em></strong></span> 
     </span>
    </p>

    <p class='ocr_par' dir='ltr' id='par_1_15' title="bbox 566 2577 1613 2632">
     <span class='ocr_line' id='line_1_35' title="bbox 566 2577 1613 2632; baseline -0.003 -11"><span class='ocrx_word' id='word_1_315' title='bbox 566 2580 673 2632; x_wconf 84' lang='grc' dir='ltr'><strong><em>οἴμοι</em></strong></span> <span class='ocrx_word' id='word_1_316' title='bbox 704 2580 842 2632; x_wconf 78' lang='grc' dir='ltr'><strong><em>τάλας,</em></strong></span> <span class='ocrx_word' id='word_1_317' title='bbox 873 2579 1033 2628; x_wconf 87' lang='grc' dir='ltr'><strong><em>ἀπολεῖς</em></strong></span> <span class='ocrx_word' id='word_1_318' title='bbox 1065 2577 1118 2632; x_wconf 83' lang='grc' dir='ltr'><strong><em>μ’,</em></strong></span> <span class='ocrx_word' id='word_1_319' title='bbox 1148 2579 1613 2632; x_wconf 76' lang='grc' dir='ltr'><strong><em>Άφροδιταρίδιον</em></strong></span> 
     </span>
    </p>

    <p class='ocr_par' dir='ltr' id='par_1_16' title="bbox 267 2647 1970 2903">
     <span class='ocr_line' id='line_1_36' title="bbox 562 2647 1486 2703; baseline -0.002 -15"><span class='ocrx_word' id='word_1_320' title='bbox 562 2649 827 2701; x_wconf 76' lang='grc' dir='ltr'><strong><em>γλυκύτατον,</em></strong></span> <span class='ocrx_word' id='word_1_321' title='bbox 857 2648 1017 2688; x_wconf 83' lang='grc' dir='ltr'><strong><em>ἱκετεύω</em></strong></span> <span class='ocrx_word' id='word_1_322' title='bbox 1050 2658 1110 2699; x_wconf 87' lang='grc' dir='ltr'>σε,</span> <span class='ocrx_word' id='word_1_323' title='bbox 1141 2647 1194 2699; x_wconf 85' lang='grc' dir='ltr'>μή</span> <span class='ocrx_word' id='word_1_324' title='bbox 1228 2662 1275 2698; x_wconf 88' lang='grc' dir='ltr'>με</span> <span class='ocrx_word' id='word_1_325' title='bbox 1306 2647 1486 2703; x_wconf 81' lang='grc' dir='ltr'><strong><em>περιίδῃς</em></strong></span> 
     </span>
     <span class='ocr_line' id='line_1_37' title="bbox 267 2714 1966 2767; baseline -0.001 -12"><span class='ocrx_word' id='word_1_326' title='bbox 267 2715 361 2756; x_wconf 88' lang='lat' dir='ltr'>scil.</span> <span class='ocrx_word' id='word_1_327' title='bbox 417 2714 713 2767; x_wconf 76' lang='grc' dir='ltr'><strong><em>ἀπολλύμενον,</em></strong></span> <span class='ocrx_word' id='word_1_328' title='bbox 769 2717 807 2756; x_wconf 90' lang='lat' dir='ltr'>si</span> <span class='ocrx_word' id='word_1_329' title='bbox 855 2717 1074 2766; x_wconf 87' lang='lat' dir='ltr'>integram</span> <span class='ocrx_word' id='word_1_330' title='bbox 1122 2716 1390 2756; x_wconf 85' lang='lat' dir='ltr'>sententiam</span> <span class='ocrx_word' id='word_1_331' title='bbox 1439 2715 1590 2755; x_wconf 91' lang='lat' dir='ltr'>attulit</span> <span class='ocrx_word' id='word_1_332' title='bbox 1634 2715 1966 2764; x_wconf 83' lang='lat' dir='ltr'>grammat-icus.</span> 
     </span>
     <span class='ocr_line' id='line_1_38' title="bbox 268 2780 1970 2832; baseline -0.001 -11"><span class='ocrx_word' id='word_1_333' title='bbox 268 2782 414 2832; x_wconf 88' lang='lat' dir='ltr'>Ipsius</span> <span class='ocrx_word' id='word_1_334' title='bbox 458 2784 663 2824; x_wconf 88' lang='lat' dir='ltr'>Herculis</span> <span class='ocrx_word' id='word_1_335' title='bbox 704 2785 758 2824; x_wconf 88' lang='lat' dir='ltr'>ad</span> <span class='ocrx_word' id='word_1_336' title='bbox 787 2784 1116 2824; x_wconf 87' lang='lat' dir='ltr'>meretriculam</span> <span class='ocrx_word' id='word_1_337' title='bbox 1149 2782 1283 2823; x_wconf 89' lang='lat' dir='ltr'>verba</span> <span class='ocrx_word' id='word_1_338' title='bbox 1314 2783 1530 2822; x_wconf 86' lang='lat' dir='ltr'>videntur.</span> <span class='ocrx_word' id='word_1_339' title='bbox 1564 2781 1710 2821; x_wconf 85' lang='lat' dir='ltr'>Codex</span> <span class='ocrx_word' id='word_1_340' title='bbox 1742 2780 1970 2829; x_wconf 89' lang='lat' dir='ltr'>utrobique</span> 
     </span>
     <span class='ocr_line' id='line_1_39' title="bbox 270 2850 822 2903; baseline -0.002 -13"><span class='ocrx_word' id='word_1_341' title='bbox 270 2850 403 2890; x_wconf 82' lang='lat' dir='ltr'>habet</span> <span class='ocrx_word' id='word_1_342' title='bbox 434 2851 822 2903; x_wconf 80' lang='grc' dir='ltr'><strong><em>Ἀφροδιταρούδιον.</em></strong></span> 
     </span>
    </p>

    <p class='ocr_par' dir='ltr' id='par_1_17' title="bbox 212 2914 1788 2970">
     <span class='ocr_line' id='line_1_40' title="bbox 212 2914 1788 2970; baseline -0.002 -14"><span class='ocrx_word' id='word_1_343' title='bbox 212 2918 278 2957; x_wconf 78' lang='lat' dir='ltr'>Fr.</span> <span class='ocrx_word' id='word_1_344' title='bbox 311 2920 381 2958; x_wconf 81' lang='lat'>55.</span> <span class='ocrx_word' id='word_1_345' title='bbox 414 2919 563 2959; x_wconf 87' lang='lat' dir='ltr'>Malim</span> <span class='ocrx_word' id='word_1_346' title='bbox 595 2929 696 2959; x_wconf 87' lang='lat' dir='ltr'>cum</span> <span class='ocrx_word' id='word_1_347' title='bbox 728 2919 792 2959; x_wconf 89' lang='lat' dir='ltr'>Bl.</span> <span class='ocrx_word' id='word_1_348' title='bbox 826 2916 869 2958; x_wconf 83' lang='grc' dir='ltr'><strong><em>δὲ</em></strong></span> <span class='ocrx_word' id='word_1_349' title='bbox 900 2918 1018 2970; x_wconf 89' lang='grc' dir='ltr'><strong><em>δεῦρο</em></strong></span> <span class='ocrx_word' id='word_1_350' title='bbox 1050 2928 1126 2967; x_wconf 92' lang='lat' dir='ltr'>pro</span> <span class='ocrx_word' id='word_1_351' title='bbox 1158 2917 1276 2969; x_wconf 88' lang='grc' dir='ltr'><strong><em>δεῦρο</em></strong></span> <span class='ocrx_word' id='word_1_352' title='bbox 1309 2915 1359 2967; x_wconf 87' lang='grc' dir='ltr'><strong><em>δή</em></strong></span> <span class='ocrx_word' id='word_1_353' title='bbox 1390 2915 1454 2963; x_wconf 88' lang='grc' dir='ltr'>(σὺ</span> <span class='ocrx_word' id='word_1_354' title='bbox 1487 2915 1606 2967; x_wconf 85' lang='grc' dir='ltr'><strong><em>δεῦρο</em></strong></span> <span class='ocrx_word' id='word_1_355' title='bbox 1639 2914 1788 2960; x_wconf 90' lang='lat' dir='ltr'>Kock).</span> 
     </span>
    </p>

    <p class='ocr_par' dir='ltr' id='par_1_18' title="bbox 212 2983 1171 3038">
     <span class='ocr_line' id='line_1_41' title="bbox 212 2983 1171 3038; baseline -0.001 -15"><span class='ocrx_word' id='word_1_356' title='bbox 212 2984 280 3024; x_wconf 86' lang='lat' dir='ltr'>Fr.</span> <span class='ocrx_word' id='word_1_357' title='bbox 314 2986 383 3025; x_wconf 82' lang='lat'>56.</span> <span class='ocrx_word' id='word_1_358' title='bbox 415 2986 537 3026; x_wconf 82' lang='lat' dir='ltr'>Idem</span> <span class='ocrx_word' id='word_1_359' title='bbox 567 2986 624 3033; x_wconf 78' lang='grc' dir='ltr'>τίς</span> <span class='ocrx_word' id='word_1_360' title='bbox 654 2985 729 3038; x_wconf 74' lang='grc' dir='ltr'><strong><em>γάρ</em></strong></span> <span class='ocrx_word' id='word_1_361' title='bbox 761 2996 822 3036; x_wconf 87' lang='grc' dir='ltr'>σε,</span> <span class='ocrx_word' id='word_1_362' title='bbox 851 2985 908 3033; x_wconf 85' lang='grc' dir='ltr'>τίς</span> <span class='ocrx_word' id='word_1_363' title='bbox 942 3007 995 3014; x_wconf 92' lang='grc'>-</span> <span class='ocrx_word' id='word_1_364' title='bbox 1027 2983 1171 3036; x_wconf 83' lang='grc' dir='ltr'><strong><em>βοράν;</em></strong></span> 
     </span>
    </p>

    <p class='ocr_par' dir='ltr' id='par_1_19' title="bbox 212 3044 1968 3234">
     <span class='ocr_line' id='line_1_42' title="bbox 212 3044 1968 3104; baseline -0.002 -14"><span class='ocrx_word' id='word_1_365' title='bbox 212 3051 281 3091; x_wconf 85' lang='lat' dir='ltr'>Fr.</span> <span class='ocrx_word' id='word_1_366' title='bbox 314 3053 384 3091; x_wconf 85' lang='lat'>58.</span> <span class='ocrx_word' id='word_1_367' title='bbox 431 3047 511 3091; x_wconf 81' lang='grc' dir='ltr'><strong><em>ἀλλ’</em></strong></span> <span class='ocrx_word' id='word_1_368' title='bbox 558 3051 677 3099; x_wconf 80' lang='grc' dir='ltr'><strong><em>αὐτὸς</em></strong></span> <span class='ocrx_word' id='word_1_369' title='bbox 723 3050 868 3104; x_wconf 73' lang='grc' dir='ltr'><strong><em>ἀπαρτὶ</em></strong></span> <span class='ocrx_word' id='word_1_370' title='bbox 916 3052 1075 3091; x_wconf 86' lang='lat' dir='ltr'>vitioso</span> <span class='ocrx_word' id='word_1_371' title='bbox 1126 3051 1282 3090; x_wconf 82' lang='lat' dir='ltr'>metro.</span> <span class='ocrx_word' id='word_1_372' title='bbox 1326 3048 1426 3089; x_wconf 85' lang='lat' dir='ltr'>God.</span> <span class='ocrx_word' id='word_1_373' title='bbox 1468 3044 1576 3087; x_wconf 85' lang='grc' dir='ltr'><strong><em>αὐτὸ.</em></strong></span> <span class='ocrx_word' id='word_1_374' title='bbox 1618 3049 1683 3089; x_wconf 92' lang='lat' dir='ltr'>Bl.</span> <span class='ocrx_word' id='word_1_375' title='bbox 1729 3044 1968 3100; x_wconf 81' lang='grc' dir='ltr'><strong><em>αὖταπαρτὶ,</em></strong></span> 
     </span>
     <span class='ocr_line' id='line_1_43' title="bbox 270 3114 1965 3169; baseline -0.002 -11"><span class='ocrx_word' id='word_1_376' title='bbox 270 3119 382 3166; x_wconf 89' lang='lat' dir='ltr'>quod</span> <span class='ocrx_word' id='word_1_377' title='bbox 424 3129 565 3168; x_wconf 91' lang='lat' dir='ltr'>neque</span> <span class='ocrx_word' id='word_1_378' title='bbox 598 3119 705 3169; x_wconf 87' lang='lat' dir='ltr'>legit</span> <span class='ocrx_word' id='word_1_379' title='bbox 745 3119 1065 3169; x_wconf 85' lang='lat' dir='ltr'>grammaticus</span> <span class='ocrx_word' id='word_1_380' title='bbox 1116 3118 1166 3157; x_wconf 92' lang='lat' dir='ltr'>de</span> <span class='ocrx_word' id='word_1_381' title='bbox 1223 3114 1371 3167; x_wconf 81' lang='grc' dir='ltr'><strong><em>ἀπαρτί</em></strong></span> <span class='ocrx_word' id='word_1_382' title='bbox 1415 3126 1549 3165; x_wconf 82' lang='lat' dir='ltr'>agens</span> <span class='ocrx_word' id='word_1_383' title='bbox 1595 3125 1733 3164; x_wconf 89' lang='lat' dir='ltr'>neque</span> <span class='ocrx_word' id='word_1_384' title='bbox 1779 3125 1965 3164; x_wconf 82' lang='lat' dir='ltr'>usquam</span> 
     </span>
     <span class='ocr_line' id='line_1_44' title="bbox 271 3178 1962 3234; baseline -0.002 -10"><span class='ocrx_word' id='word_1_385' title='bbox 271 3185 472 3226; x_wconf 82' lang='lat' dir='ltr'>traditur.</span> <span class='ocrx_word' id='word_1_386' title='bbox 509 3186 664 3226; x_wconf 88' lang='lat' dir='ltr'>Melius</span> <span class='ocrx_word' id='word_1_387' title='bbox 703 3187 818 3226; x_wconf 87' lang='lat' dir='ltr'>idem</span> <span class='ocrx_word' id='word_1_388' title='bbox 866 3181 984 3232; x_wconf 80' lang='grc' dir='ltr'><strong><em>αὐτὸς</em></strong></span> <span class='ocrx_word' id='word_1_389' title='bbox 1017 3181 1070 3234; x_wconf 88' lang='grc' dir='ltr'><strong><em>δ’,</em></strong></span> <span class='ocrx_word' id='word_1_390' title='bbox 1101 3183 1244 3223; x_wconf 90' lang='lat' dir='ltr'>deleto</span> <span class='ocrx_word' id='word_1_391' title='bbox 1276 3179 1369 3222; x_wconf 81' lang='grc' dir='ltr'><strong><em>ἀλλ’.</em></strong></span> <span class='ocrx_word' id='word_1_392' title='bbox 1402 3182 1517 3222; x_wconf 91' lang='lat' dir='ltr'>Num</span> <span class='ocrx_word' id='word_1_393' title='bbox 1557 3183 1669 3223; x_wconf 86' lang='lat' dir='ltr'>forte</span> <span class='ocrx_word' id='word_1_394' title='bbox 1710 3180 1834 3221; x_wconf 80' lang='grc' dir='ltr'>ἀλλὰ</span> <span class='ocrx_word' id='word_1_395' title='bbox 1874 3178 1962 3222; x_wconf 77' lang='grc' dir='ltr'>τότ’</span> 
     </span>
    </p>
   </div>
   <div class='ocr_carea' id='block_1_5' title="bbox 275 3248 560 3305">
    <p class='ocr_par' dir='ltr' id='par_1_20' title="bbox 275 3248 560 3305">
     <span class='ocr_line' id='line_1_45' title="bbox 275 3248 560 3305; baseline 0.011 -15"><span class='ocrx_word' id='word_1_396' title='bbox 275 3248 420 3305; x_wconf 78' lang='grc' dir='ltr'><strong><em>ἀπαρτὶ</em></strong></span> <span class='ocrx_word' id='word_1_397' title='bbox 455 3251 560 3293; x_wconf 43' lang='lat' dir='ltr'>mist?</span> 
     </span>
    </p>
   </div>
  </div>
 </body>
</html>
