2216 3522
1034 242 1087 280 91

237 365 454 406 dictionis.
487 367 609 406 Idem
641 378 706 407 VS.
735 367 759 406 7
794 367 848 406 ad
879 371 1129 418 τριηραρχῶν
1159 364 1363 418 ἀπήγξατο
1387 367 1461 407 eft.
1491 368 1565 407 Ar.
1586 367 1660 415 Eq.
1691 367 1939 415 912—918,

237 433 315 473 sed
346 444 411 473 νε.
448 435 502 474 10
533 434 818 474 εἰσαναλίσκων
850 445 950 474 cum
982 434 1056 474 illo
1087 445 1175 474 non
1205 434 1386 474 mutabo
1416 435 1462 474 in
1494 433 1823 482 ἐξαναναλίσκων.

181 500 249 540 Fr.
281 501 383 552 205,
400 502 441 542 2.
473 502 706 552 Perperam
737 502 897 549 πλείους
928 499 1047 543 <δ’>
1079 502 1163 552 BL,
1197 512 1302 542 nam
1329 513 1384 542 ex
1411 496 1516 541 ταῶν
1543 506 1623 548 (vs.
1646 503 1687 551 1)
1714 502 1942 541 commode

238 570 414 610 auditur
442 577 521 623 ταῷ
554 573 599 611 et
629 571 809 611 voculae
840 568 912 621 μὲν
944 572 1001 617 (1)
1032 571 1267 620 respondet
1298 567 1334 609 δ’
1370 572 1441 617 (8).

180 636 250 677 Fr.
282 637 381 688 206,
415 638 442 678 8
473 637 585 678 ἄλλοι
617 649 718 678 cum
748 638 935 678 articulo
967 638 1123 678 malim
1156 648 1256 678 cum
1288 638 1354 678 Bl.

180 704 250 744 Fr.
281 705 382 755 207,
417 706 457 746 2.
490 705 716 758 Λογάριον,
747 716 834 745 non
865 705 1133 757 λογισκός,
1164 707 1378 754 quantum
1401 706 1621 755 novimus,
1650 704 1803 744 Graeci
1834 704 1942 743 dice-

112 762 116 767 ’
159 791 165 794 -
239 771 363 822 bant,
405 783 539 822 quare
579 774 794 822 hodieque
830 773 1028 823 praefero
1063 774 1361 813 coniecturam
1393 783 1541 813 meam
1572 771 1638 810 καὶ
1676 771 1943 822 <διά>λογος

239 838 503 880 Kockianae.
538 863 590 869 —
624 840 699 880 Vs.
743 841 783 880 3.
841 840 885 879 Si
941 842 1059 880 recte
1115 841 1282 880 Kockio
1334 841 1562 880 lenissima
1603 839 1804 879 Meinekii
1847 849 1940 877 con-

238 907 406 946 iectura
434 907 645 961 παραξάτω
676 908 916 957 displicuit,
949 909 1062 956 quod
1099 908 1282 947 verbum
1312 909 1373 948 sit
1399 908 1441 948 h.
1459 908 1487 947 1.
1515 908 1657 957 nimis,
1682 907 1940 954 violentum,

237 974 356 1014 idem
390 975 504 1015 valet
527 975 581 1015 de
604 975 833 1015 audaciore
860 975 1080 1024 Blaydesii
1108 977 1268 1015 conatu
1293 975 1543 1014 εἰσπαισάτω.
1568 975 1811 1024 Aptissime
1836 984 1943 1013 sane

236 1041 331 1091 ipse
366 1042 488 1100 Kock
518 1043 703 1083 coniecit
733 1044 963 1093 παρεισίτω,
992 1044 1097 1083 licet
1128 1044 1275 1083 mendi
1306 1044 1418 1083 ratio
1451 1044 1601 1083 minus
1636 1044 1855 1092 appareat.
1887 1063 1940 1069 —

240 1108 314 1148 Vs.
348 1110 388 1150 7.
421 1110 486 1149 Bl.
520 1112 592 1151 cft.
627 1111 790 1151 Cratin.
822 1112 865 1150 II
901 1113 982 1151 194
1015 1112 1068 1151 M.

120 1177 128 1186 '
180 1175 249 1216 Fr.
282 1177 382 1226 208,
415 1179 456 1217 4.
489 1179 703 1218 σικύαισιν.
749 1179 836 1229 ,CL
878 1179 1068 1219 Cratetis
1099 1179 1151 1219 fr.
1184 1181 1263 1228 41;
1296 1179 1448 1219 Eubul.
1487 1180 1583 1218 147.
1616 1178 1776 1217 Eodem
1809 1187 1943 1216 sensu

237 1243 396 1292 κύαθος
427 1246 525 1286 Pac.
558 1248 659 1286 444.
694 1248 825 1287 542.’‘
858 1247 922 1287 Bl.
956 1247 1078 1287 Idem
1108 1249 1214 1287 VS.1
1253 1247 1440 1287 coniecit
1464 1243 1842 1295 κατεσκευασμένον,
1867 1244 1943 1283 sed

236 1312 402 1352 tradita
431 1313 561 1354 lectio
592 1314 815 1364 significat
845 1316 936 1363 qui
968 1315 1078 1354 sibi
1110 1315 1417 1364 instruxit,
1452 1325 1533 1354 nec
1563 1313 1814 1352 sollitanda.

179 1378 249 1419 Fr.
282 1380 382 1431 209,
414 1382 456 1420 4.
487 1380 534 1419 τὰ
564 1380 681 1432 μέλη,
711 1393 772 1422 sc.
809 1380 1046 1433 Φιλοξένου,
1076 1393 1217 1431 neque
1249 1383 1382 1432 igitur
1422 1392 1487 1421 vs.
1522 1383 1547 1421 5
1580 1391 1690 1430 opus
1721 1382 1789 1420 est
1819 1379 1941 1427 Blay-

238 1446 348 1486 desii
379 1448 634 1489 coniectura
663 1447 840 1500 κέκρακε.

302 1516 603 1554 ΤΤΡΡΗΝΟΣ.
660 1517 786 1566 Apud
827 1517 1106 1557 Athenaeum
1147 1518 1314 1557 temere
1354 1517 1418 1557 Bl.
1471 1517 1675 1566 proponit
1719 1514 1765 1554 τὰ
1810 1515 1944 1565 ίμάτια

239 1579 389 1622 &nidus
419 1594 496 1633 pro
527 1583 720 1636 περιέδυε.
752 1585 846 1625 Vid.
880 1586 1035 1625 lexica.

181 1650 249 1690 Fr.
282 1651 384 1700 210,
420 1652 457 1691 1.
490 1652 714 1692 Violenter
753 1652 863 1705 χάρις
905 1655 982 1693 aut
1022 1652 1162 1704 κέρδος
1193 1653 1258 1702 ΒΙ.
1291 1653 1667 1702 Aequiescendum
1691 1651 1945 1691 lenissimae

240 1718 448 1759 Erfurdtii
479 1721 753 1761 correctioni.

181 1786 249 1826 Fr.
283 1787 383 1826 211.
432 1787 565 1838 δήμου
611 1789 816 1828 similiter
855 1789 923 1828 bis
964 1789 1212 1829 Herodotus
1251 1789 1288 1827 V
1320 1789 1375 1829 92
1423 1791 1467 1828 et
1502 1787 1570 1826 IX
1602 1788 1671 1836 73,
1714 1796 1865 1835 quare,
1908 1786 1945 1824 si

242 1864 396 1894 revera
441 1856 504 1895 ita
548 1856 726 1906 scripsit
770 1858 918 1907 poeta,
962 1855 1004 1895 ἐκ
1044 1861 1112 1907 τῆς
1152 1861 1309 1907 κοινῆς,
1346 1866 1457 1904 quae
1496 1855 1640 1894 multa
1676 1854 1859 1902 arripuit
1891 1863 1946 1892 ex

241 1922 360 1972 Iade,
408 1923 516 1963 haec
561 1923 733 1963 dicendi
780 1924 891 1964 ratio
932 1925 977 1964 in
1018 1925 1278 1964 Atticorum
1309 1933 1560 1963 sermonem
1602 1933 1650 1962 se
1690 1921 1945 1960 insinuavit.

239 1989 335 2030 Vid.
367 2001 501 2040 supra
531 1991 585 2030 ad
617 1991 670 2031 fr.
707 1992 804 2041 191,
842 1993 909 2031 18.

183 2057 252 2096 Fr.
284 2058 383 2108 212,
416 2059 457 2098 4.
506 2057 653 2110 ἐρήμης
700 2059 795 2098 sine
841 2069 977 2098 causa
1022 2059 1111 2108 Bl.,
1161 2069 1242 2098 nec
1288 2069 1397 2108 opus
1439 2058 1548 2096 mihi
1588 2057 1761 2096 videtur
1807 2066 1872 2094 vs.
1921 2057 1946 2095 5

242 2125 399 2165 Naberi
430 2126 680 2166 coniectura
708 2125 877 2177 χρηστὸν
908 2137 984 2176 pro
1016 2132 1210 2177 χρυσοῦν,
1240 2126 1351 2174 quod
1383 2126 1527 2174 magis
1558 2125 1791 2173 poeticum.
1820 2123 1948 2162 Miror

242 2192 355 2232 hanc
380 2193 561 2242 probare
591 2194 675 2243 Bl.‚
705 2194 779 2242 qui
806 2195 898 2243 ipse
925 2193 1160 2233 contulerit
1192 2194 1486 2232 Horatianum
1519 2201 1721 2231 aureos
1752 2201 1946 2230 mores.

243 2260 276 2299 E
307 2260 485 2300 Graecis
516 2261 569 2301 cf.
602 2261 862 2300 πλούσιον
903 2255 1034 2311 ἦθος
1071 2261 1171 2300 Eur.
1205 2260 1352 2309 Suppl.
1387 2261 1487 2299 907.
1524 2282 1575 2287 —-
1609 2259 1683 2298 Vs.
1717 2261 1743 2298 6
1775 2269 1839 2307 sq.
1882 2257 1946 2296 Bl.

243 2327 290 2365 αι’·
330 2326 423 2379 γὰρ
457 2351 510 2356 -
551 2328 755 2379 τρόποισιν
802 2326 936 2375 ὄντως.
984 2329 1034 2368 In
1080 2328 1275 2377 vulgatis
1320 2327 1431 2367 mihi
1478 2337 1647 2375 quoque
1693 2327 1946 2374 suspectum

244 2396 314 2434 est
353 2393 436 2444 μέν.

187 2461 255 2501 Fr.
289 2462 388 2512 217,
421 2463 462 2502 4.
511 2459 634 2502 αἴθετ’
679 2474 756 2513 pro
798 2459 924 2514 αἴρεθ’
964 2463 1106 2502 multo
1148 2464 1265 2502 certe
1295 2462 1456 2502 melius
1487 2461 1609 2500 Kock
1641 2470 1773 2508 quam
1804 2455 1945 2498 ὀπτᾶθ’

246 2528 311 2568 Bl.
338 2529 519 2579 Propter
545 2532 673 2570 notos
698 2533 848 2570 tamen
874 2530 1170 2580 anguillarum
1196 2530 1265 2569 vel
1297 2530 1572 2569 concisaruni
1599 2527 1805 2574 saltus,
1834 2527 1948 2565 haud

246 2596 358 2636 satis
396 2597 505 2637 mihi
546 2600 719 2638 constat
760 2599 813 2639 de
844 2598 1110 2648 corruptela,
1143 2598 1347 2646 quamvis
1377 2597 1441 2635 ita
1470 2596 1616 2645 potius
1649 2596 1947 2643 exspectarem

247 2660 391 2702 fineff.
423 2665 619 2706 iudicent
651 2666 740 2705 alii.
773 2666 835 2705 De
866 2665 1111 2715 παφλάζεται
1143 2665 1207 2704 Bl.
1240 2666 1358 2704 recte
1390 2664 1464 2703 cft.
1498 2662 1653 2701 Eubuli
1684 2662 1734 2701 fr.
1761 2662 1843 2700 112
1871 2671 1950 2700 nec

248 2730 433 2771 debebat
470 2742 708 2782 proponere
748 2733 968 2784 χρωτίζεται
1008 2735 1086 2773 aut
1126 2732 1314 2783 ῥιπίζεται
1356 2731 1481 2779 (quod
1520 2740 1700 2780 prorsus
1731 2730 1948 2778 ineptum,

247 2807 334 2838 non
375 2800 493 2839 enim
535 2799 722 2851 ῥιπίζεται
762 2801 975 2851 anguilla,
1010 2801 1086 2840 sed
1118 2799 1160 2839 τὸ
1191 2802 1307 2850 πῦρ),
1338 2809 1417 2838 nec
1450 2809 1513 2837 vs.
1551 2798 1604 2836 10
1636 2795 1841 2846 ἀλειφθείς
1873 2806 1950 2845 pro

247 2866 451 2913 λοπισθείς
483 2870 534 2912 (ε.
567 2870 688 2916 λεπ.);
722 2868 883 2907 melius
914 2868 1031 2908 idem
1064 2868 1218 2907 deinde
1254 2864 1383 2907 <ἇλσὶ
1414 2864 1706 2910 δια>πασθείς
1730 2887 1781 2892 -
1801 2863 1875 2903 Vs.
1898 2864 1949 2903 13

249 2935 294 2972 et
331 2934 397 2974 17.
430 2931 473 2973 δὲ
519 2945 596 2984 pro
642 2950 680 2974 τε
723 2935 851 2975 malit
894 2935 1011 2974 idem
1053 2936 1095 2974 et
1139 2944 1202 2974 vs.
1241 2935 1293 2973 14
1336 2933 1563 2982 suspectat
1599 2932 1651 2971 de
1686 2931 1792 2970 vitio
1825 2929 1950 2969 ἀκτῖσι

249 2999 379 3047 θείαις
410 3004 455 3041 et
496 3012 559 3042 vs.
607 3003 658 3042 17
702 3004 848 3046 tentat
887 3007 964 3040 νῦν
1005 2999 1265 3052 στρέφοντας,
1308 3000 1465 3048 ubique
1505 2999 1733 3038 somnians
1773 2998 1949 3047 menda,

251 3070 299 3107 ut
336 3078 401 3108 νε.
434 3070 487 3109 21
530 3080 608 3119 pro
650 3070 834 3119 palmari
876 3069 1079 3109 Meinekii
1122 3068 1427 3108 emendatione
1467 3069 1674 3117 πυρωποῑς
1707 3065 1952 3116 (ῥιπίσμασιν

248 3134 456 3182 Abresch)
496 3137 705 3177 substitui
742 3146 970 3186 perperam
1009 3136 1129 3176 iubet
1169 3145 1298 3175 suum
1330 3136 1542 3173 πυκνοῖσιν
1574 3135 1633 3180 (in
1665 3133 1953 3173 Addendis

249 3204 517 3244 secundis
563 3205 723 3244 melius
769 3205 887 3244 certe
932 3208 1125 3254 πυρωτῶν
1157 3202 1411 3253 proposuit).
1446 3223 1499 3229 —
1532 3201 1606 3241 Vs.
1640 3202 1708 3240 22.
1742 3202 1952 3248 ξουθαῖσιν

249 3269 364 3310 idem
396 3281 472 3320 pro
503 3282 611 3313 sano
642 3274 868 3320 ξανθαῖσιν.
897 3293 950 3299 -
984 3270 1057 3311 VS.
1091 3271 1162 3311 24.
1198 3269 1422 3319 Proponit:
1455 3274 1617 3308 τοιαῦτα
1648 3268 1709 3308 τοί
1737 3280 1799 3308 σοι
1830 3268 1953 3307 ταῦτά
