2216 3522
1151 193 1208 233 96

299 316 652 361 Anaxandridis
684 318 735 358 fr.
771 319 810 367 2,
845 319 885 358 3.
920 317 1068 357 Nauck
1103 316 1197 356 Mel.
1229 316 1284 355 VI
1317 327 1445 358 suam
1478 318 1776 360 coniecturam
1803 320 2059 371 defendens,

356 388 626 427 Kockianam
655 387 886 436 impugnat
912 387 1088 435 propter
1112 386 1337 424 servatam
1366 385 1555 426 formam
1582 386 1732 427 minus
1748 388 1932 428 atticam
1949 386 2063 444 ᾔδειν

355 466 431 505 pro
462 454 560 506 ἤδη,
600 454 677 494 sed
719 453 868 493 dubito
910 462 1015 492 num
1049 452 1131 492 hac
1162 453 1326 500 aetate,
1360 463 1447 502 qua
1477 453 1643 494 dudum
1676 454 1926 496 invaluerat
1956 466 2064 497 usus

354 524 521 563 formae
547 516 597 574 ἦν
624 532 699 572 pro
726 515 750 571 ἦ
778 521 821 561 in
849 521 992 569 prima
1018 529 1223 570 persona,
1251 521 1381 560 vetus
1407 520 1514 560 illud
1540 518 1620 572 ἤδη
1644 525 1900 564 constanter
1916 534 2060 565 serva-

354 596 447 631 tum
479 591 552 630 sit.
595 589 889 629 Nihilominus
925 588 1137 628 maiorem
1169 586 1303 628 fldem
1335 588 1542 629 haberem
1574 589 1730 630 Kockii
1761 591 2059 643 coniecturae,

353 660 390 699 si
424 658 728 698 meminissem
760 655 975 696 formulae
1006 654 1081 695 οὐκ
1112 650 1222 694 εἶδον
1253 651 1342 694 οὐδ’
1378 650 1469 695 οῖδα
1500 656 1720 707 exempla.
1740 680 1794 687 —
1822 658 1962 708 Vs.4,
1990 659 2063 700 ubi

353 726 516 766 Kockio
547 735 632 764 non
658 723 877 763 satisfecit
907 722 1140 762 lenissima
1166 722 1368 763 Meinekii
1399 723 1652 765 coniectura
1682 726 1724 763 Χ
1731 730 1905 776 onon.
1934 725 2062 766 κούκ

353 804 428 843 pro
455 797 627 844 χρηστῶς
654 789 746 834 οὐκ,
774 790 837 830 Bl.
866 791 1011 830 tentat
1038 786 1088 827 ἂν
1115 785 1207 838 τότ’,
1230 789 1306 829 οὐκ
1329 788 1426 837 ἔζων
1442 788 1536 842 ἐγώ,
1562 801 1674 841 quae
1701 792 1812 832 mihi
1828 802 1915 833 non
1931 793 2057 834 satis-

352 863 517 902 faciunt
559 859 625 899 vel
667 859 826 898 idcirco
858 857 972 906 quod
1006 856 1188 897 verbum
1219 859 1404 908 παραζῆν
1435 859 1777 900 continuitatem
1809 870 1892 900 sua
1922 860 2062 911 ipsius

353 932 509 968 natura
552 925 808 976 significans
853 923 1115 974 particulam
1162 924 1417 971 iterativam
1465 926 1541 966 vix
1591 926 1827 968 admittere
1874 927 2062 969 videtur.

353 997 501 1036 Possis
542 994 666 1041 οὕτως
707 991 886 1043 παρέζων
929 992 1078 1042 δῆτα,
1112 990 1262 1042 κούκ,
1292 993 1370 1033 sed
1402 993 1513 1034 nihil
1545 992 1731 1035 affirmo.
1764 994 1874 1036 Cum
1906 995 2059 1037 eodem

353 1066 394 1104 in
427 1065 477 1104 fr.
512 1065 550 1111 3,
585 1064 602 1101 1
638 1062 771 1112 probo
799 1060 956 1100 Naberi
985 1060 1284 1100 coniecturam
1312 1060 1502 1101 delentis
1528 1072 1852 1112 supervacuum
1872 1062 2063 1116 ποτήρια,

353 1143 426 1182 pro
453 1142 536 1180 quo
569 1129 811 1170 Macrobius
843 1127 974 1168 habet
1000 1127 1169 1179 κυμβία,
1194 1129 1240 1168 et
1271 1138 1372 1168 cum
1404 1128 1468 1168 Bl.
1503 1139 1568 1170 vs.
1601 1131 1628 1170 3
1662 1133 1840 1182 propter
1870 1141 2062 1181 sequens

352 1201 593 1251 perfectum
627 1197 917 1248 expectabam
948 1195 1173 1247 κεκάρωκεν
1204 1206 1281 1246 pro
1313 1195 1523 1247 ἐκάρωσεν.

296 1270 359 1308 Fr.
379 1269 430 1308 41
451 1278 514 1317 sq.
534 1266 795 1306 Doctissime
812 1265 864 1304 de
881 1265 923 1304 h.
937 1264 965 1304 1.
993 1264 1235 1314 disputavit-
1251 1265 1295 1304 in
1314 1265 1538 1316 Philologo
1556 1267 1604 1307 Ο.
1622 1266 1815 1318 Crusius,
1843 1267 2056 1317 „Servo-

352 1331 466 1375 rum
495 1335 625 1374 urbs
651 1343 923 1382 nusquam
950 1334 1037 1371 est
1064 1332 1342 1381 gentium;
1371 1343 1494 1373 nam
1521 1334 1789 1375 fortunae
1814 1334 2058 1375 arbitrio

350 1404 437 1452 qui
481 1403 711 1442 fuerunt
747 1401 900 1440 servi
941 1400 1099 1439 cives
1131 1399 1302 1439 liberi
1334 1401 1498 1442 fiunt.
1532 1402 1780 1452 Respicitur
1811 1403 1865 1444 ad
1896 1402 2060 1444 fabulo·

351 1482 447 1511 sam
490 1470 643 1510 urbem
686 1470 729 1508 in
771 1469 918 1508 Africa
959 1470 1254 1508 memoratam
1287 1479 1313 1508 a
1345 1469 1514 1510 Mnasia
1554 1470 1757 1511 Patrensi
1788 1470 1901 1521 apud
1932 1470 2060 1521 Didy-

351 1550 488 1579 mum.
522 1538 584 1578 Cf.
618 1538 735 1577 Suid.
769 1547 804 1576 s.
840 1547 903 1583 v.;
937 1536 1094 1575 Zenob.
1130 1536 1193 1575 III
1226 1537 1305 1584 253
1339 1537 1621 1588 Pseudoplut‚
1654 1549 1694 1588 p.
1728 1539 1840 1588 324;
1882 1538 2061 1589 Eupolis

351 1608 494 1646 Maric.
538 1607 589 1646 fr.
636 1606 714 1645 197
750 1605 832 1644 K.'’
877 1626 919 1632 —
955 1604 1029 1643 Vs,
1064 1604 1090 1643 2
1130 1604 1292 1654 σώματα
1333 1614 1493 1645 sanum
1532 1615 1630 1646 esse
1661 1606 1770 1646 mihi
1803 1607 2058 1657 neutiquam

350 1675 566 1724 persuasit
612 1673 763 1712 Kockii
810 1671 1069 1720 affirmatio;
1118 1671 1359 1712 haeserunt
1405 1675 1580 1723 praeter
1610 1684 1684 1714 me
1715 1674 1760 1715 F.
1789 1674 1838 1715 G.
1862 1675 2063 1715 Schmidt

349 1754 518 1792 quoque
549 1745 592 1781 et
625 1741 709 1790 BL,
742 1750 928 1789 quorum
961 1739 1034 1778 ille
1066 1738 1264 1790 σχήματα,
1289 1740 1359 1780 hic
1391 1740 1551 1781 melius
1581 1742 1792 1794 πράγματα
1819 1743 2060 1793 proposuit.

353 1810 607 1850 Incredibile
633 1809 751 1848 dictu
778 1810 847 1847 est
874 1808 1060 1847 eundem
1088 1807 1183 1853 (Bl.)
1213 1818 1277 1847 vs.
1297 1809 1323 1847 4
1352 1807 1538 1848 δεσπόται
1565 1805 1643 1864 κᾷτ’
1675 1821 1752 1860 pro
1778 1812 1967 1859 Σουνιεῖς
1993 1805 2058 1850 εἶτ’

347 1879 543 1917 conicere
574 1876 838 1916 sustinuisse
869 1877 911 1915 et
945 1885 1008 1914 vs.
1042 1877 1067 1915 5
1100 1873 1227 1930 ἀγορᾷ
1258 1875 1485 1927 κέχρηνται,
1517 1887 1627 1926 quae
1653 1878 1819 1928 optime
1844 1878 2056 1929 explicuit

345 1945 752 1993 Schweighaeuser,
787 1943 1065 1992 interpretari
1098 1944 1368 1984 venerint
1399 1946 1672 1992 (veneunt‘i').

290 2014 355 2053 Fr.
390 2015 429 2061 6,
450 2014 489 2052 2.
519 2011 803 2052 probabiliter
824 2010 947 2051 Kock
974 2008 1016 2049 ἐν
1041 2010 1254 2064 πυρικτίτῳ
1280 2009 1414 2066 στέγᾳ,
1439 2013 1526 2052 nisi
1552 2013 1666 2062 quod
1690 2013 1860 2055 formae
1884 2013 2056 2055 doricae

347 2080 467 2120 locus
509 2090 593 2119 non
635 2082 705 2119 est
745 2082 865 2125 (nam
907 2079 1071 2130 διανεκῆ
1113 2079 1302 2119 atticum
1343 2082 1444 2131 est),
1490 2083 1534 2121 et
1575 2081 1727 2131 procul
1752 2081 1882 2122 dubio
1912 2081 2054 2132 legen·

348 2148 452 2187 dum
484 2145 610 2200 στέγῃ.

289 2215 356 2254 Fr.
390 2215 430 2254 9.
612 2212 683 2264 τὴν
715 2212 757 2253 ἐκ
789 2213 1001 2265 Κορίνθου
1035 2209 1157 2252 Λαΐδ’
1192 2208 1337 2262 οἶσθας
1371 2215 1415 2253 Β.
1445 2220 1530 2263 πῶς
1561 2214 1637 2270 γὰρ
1669 2214 1742 2265 οὔ;

614 2281 686 2332 τὴν
717 2296 951 2334 ημεριον.
985 2285 1033 2320 A.
1060 2275 1112 2333 ἦν
1144 2279 1275 2337 ἐκείνῃ
1307 2297 1364 2330 τις
1395 2282 1494 2335 φίλη

603 2347 769 2389 Ἄντεια.
803 2351 845 2388 Β.
876 2347 943 2388 καὶ
977 2346 1085 2389 τοῦθ’
1120 2346 1311 2402 ἡμέτερον
1341 2343 1393 2401 ἦν
1424 2349 1627 2403 παίγνιον.

614 2419 661 2455 A.
695 2416 744 2467 νὴ
776 2416 844 2456 τὸν
877 2412 945 2455 Δί’
981 2414 1100 2467 ἤνθει
1130 2416 1215 2456 τότε
1248 2416 1503 2469 Λαγίσκη,
1533 2412 1595 2469 ἦν
1626 2415 1680 2458 δὲ
1711 2417 1826 2460 τότε

611 2483 678 2522 καὶ
714 2484 889 2535 Θεολύτη
921 2482 995 2523 κτὲ.

347 2551 417 2591 Vs.
452 2552 491 2592 2.
526 2552 715 2602 Recepta
760 2554 830 2592 est
869 2552 1096 2592 Abreschii
1139 2553 1249 2593 coni.
1298 2550 1541 2604 ἡμετέρειον,
1590 2565 1701 2604 quae
1747 2564 1835 2596 non
1875 2565 1962 2596 una
2001 2555 2054 2596 de

344 2630 476 2658 causa
524 2621 628 2659 mihi
675 2620 851 2669 quidem
900 2620 1074 2659 videtur
1119 2620 1438 2661 infelicissima.
1495 2622 1694 2662 Primum
1742 2622 1862 2663 enim
1908 2622 2056 2664 Sicula

345 2687 517 2725 natione
549 2690 660 2737 erat,
689 2698 822 2737 quare
846 2683 1048 2736 Ἵμεραίαν
1074 2685 1377 2737 Casaubonus,
1414 2688 1804 2739 Schweighaeuser
1821 2685 2054 2742 Ὗκκαρείαν

342 2754 637 2802 reponendum
694 2764 792 2794 esse
849 2755 1148 2804 coniecerunt,
1205 2765 1347 2804 neque
1404 2756 1539 2805 igitur
1594 2757 1668 2805 qui
1716 2756 1834 2807 loqui
1881 2757 2055 2799 videtur

347 2822 628 2862 Atheniensis
660 2833 757 2862 eam
792 2824 1106 2862 nostratem
1137 2822 1358 2872 appellare
1390 2824 1553 2874 potuit,
1596 2825 1754 2865 deinde
1785 2834 1888 2866 vero
1917 2821 2052 2877 ἡμετέ-

344 2903 465 2937 ρειος,
506 2901 589 2937 quo
630 2890 846 2929 adiectivo
887 2889 1028 2939 solus,
1070 2891 1284 2937 quantum
1321 2891 1550 2941 novimus,
1584 2901 1692 2932 usus
1722 2893 1792 2932 est
1822 2892 2050 2935 Anacreon

347 2957 386 2994 in
427 2958 511 2994 ΕΜ
541 2958 626 2996 429
675 2954 911 3006 (ὑμετέρειος
958 2958 1004 2997 et
1043 2955 1286 3008 σφετέρειος,
1323 2958 1361 2997 si
1404 2968 1616 3007 umquam
1659 2958 1922 3011 extiterunt,
1963 2969 2051 3002 non

344 3024 539 3063 tulerunt
579 3027 803 3073 aetatem),
842 3026 892 3063 et
932 3033 984 3063 ea
1024 3023 1202 3063 notione
1242 3024 1442 3064 Atticum
1485 3028 1554 3065 est
1590 3022 1805 3076 ἡμεδαπός.
1837 3026 1919 3067 Sed
1949 3027 2053 3078 quia

343 3092 475 3130 etiam
506 3092 688 3131 Athenis
717 3093 828 3131 vixit
855 3090 1087 3141 aliquando
1113 3090 1340 3132 Corinthia
1356 3094 1588 3144 meretrix,
1616 3096 1868 3135 nostram
1893 3104 2051 3136 vocare

343 3159 500 3207 potuit,
536 3164 583 3198 ut
617 3162 803 3199 Anteam
830 3160 1012 3205 (frustra
1038 3156 1230 3198 Ἄνθειαν
1256 3160 1443 3200 coniecit
1475 3161 1552 3206 Bl.)
1586 3161 1742 3202 deinde
1774 3163 1904 3203 vocat
1932 3162 2048 3203 idem

345 3221 531 3274 ἡμέτερον
573 3226 778 3277 παίγνιον,
815 3227 890 3266 vix
922 3226 1073 3266 dubito
1100 3226 1203 3275 quin
1236 3227 1543 3276 corrigendum
1577 3230 1659 3269 sit:
1689 3227 1761 3280 τὴν
1790 3226 2049 3282 ἡμετέραν
