<?xml version="1.0" encoding="UTF-8"?>
<!DOCTYPE html PUBLIC "-//W3C//DTD XHTML 1.0 Transitional//EN"
    "http://www.w3.org/TR/xhtml1/DTD/xhtml1-transitional.dtd">
<html xmlns="http://www.w3.org/1999/xhtml" xml:lang="en" lang="en">
 <head>
  <title>
</title>
<meta http-equiv="Content-Type" content="text/html;charset=utf-8" />
  <meta name='ocr-system' content='tesseract 3.04.00' />
  <meta name='ocr-capabilities' content='ocr_page ocr_carea ocr_par ocr_line ocrx_word'/>
</head>
<body>
  <div class='ocr_page' id='page_1' title='image "./collectaneacriti00herwuoft_0226.png"; bbox 0 0 2216 3522; ppageno 0'>
   <div class='ocr_carea' id='block_1_1' title="bbox 1094 190 1180 231">
    <p class='ocr_par' dir='ltr' id='par_1_1' title="bbox 1094 190 1180 231">
     <span class='ocr_line' id='line_1_1' title="bbox 1094 190 1180 231; baseline 0 0"><span class='ocrx_word' id='word_1_1' title='bbox 1094 190 1180 231; x_wconf 83' lang='lat'><strong>212</strong></span> 
     </span>
    </p>
   </div>
   <div class='ocr_carea' id='block_1_2' title="bbox 257 313 2074 3271">
    <p class='ocr_par' dir='ltr' id='par_1_2' title="bbox 316 313 2021 440">
     <span class='ocr_line' id='line_1_2' title="bbox 316 313 2021 372; baseline -0.006 -10"><span class='ocrx_word' id='word_1_2' title='bbox 316 323 418 363; x_wconf 90' lang='lat' dir='ltr'><strong>ludo</strong></span> <span class='ocrx_word' id='word_1_3' title='bbox 463 321 651 372; x_wconf 75' lang='grc' dir='ltr'><strong>κοττάβια</strong></span> <span class='ocrx_word' id='word_1_4' title='bbox 698 321 789 366; x_wconf 90' lang='lat' dir='ltr'><strong>(aut</strong></span> <span class='ocrx_word' id='word_1_5' title='bbox 828 319 1035 370; x_wconf 71' lang='grc' dir='ltr'><strong>κοτταβεῖα</strong></span> <span class='ocrx_word' id='word_1_6' title='bbox 1078 318 1153 357; x_wconf 85' lang='lat' dir='ltr'><strong>vix</strong></span> <span class='ocrx_word' id='word_1_7' title='bbox 1194 319 1312 357; x_wconf 89' lang='lat' dir='ltr'><strong>recte</strong></span> <span class='ocrx_word' id='word_1_8' title='bbox 1343 315 1479 360; x_wconf 82' lang='lat' dir='ltr'><strong>addit)</strong></span> <span class='ocrx_word' id='word_1_9' title='bbox 1511 314 1677 355; x_wconf 85' lang='lat' dir='ltr'><strong>dictum</strong></span> <span class='ocrx_word' id='word_1_10' title='bbox 1708 313 1847 354; x_wconf 81' lang='lat' dir='ltr'><strong>fuisse</strong></span> <span class='ocrx_word' id='word_1_11' title='bbox 1877 313 2021 361; x_wconf 85' lang='lat' dir='ltr'><strong>ratus,</strong></span> 
     </span>
     <span class='ocr_line' id='line_1_3' title="bbox 316 385 1388 440; baseline -0.006 -11"><span class='ocrx_word' id='word_1_12' title='bbox 316 390 545 440; x_wconf 73' lang='grc' dir='ltr'><strong>κοτταβεῖον</strong></span> <span class='ocrx_word' id='word_1_13' title='bbox 583 390 735 428; x_wconf 89' lang='lat' dir='ltr'><strong>autem</strong></span> <span class='ocrx_word' id='word_1_14' title='bbox 769 397 849 427; x_wconf 90' lang='lat' dir='ltr'><strong>vas</strong></span> <span class='ocrx_word' id='word_1_15' title='bbox 879 386 993 436; x_wconf 89' lang='lat' dir='ltr'><strong>quod</strong></span> <span class='ocrx_word' id='word_1_16' title='bbox 1024 385 1388 436; x_wconf 81' lang='lat' dir='ltr'><strong>suspendebatur.</strong></span> 
     </span>
    </p>

    <p class='ocr_par' dir='ltr' id='par_1_3' title="bbox 260 447 1931 504">
     <span class='ocr_line' id='line_1_4' title="bbox 260 447 1931 504; baseline -0.007 -7"><span class='ocrx_word' id='word_1_17' title='bbox 260 459 324 498; x_wconf 90' lang='lat' dir='ltr'><strong>Fr.</strong></span> <span class='ocrx_word' id='word_1_18' title='bbox 358 458 443 497; x_wconf 89' lang='lat'><strong>594</strong></span> <span class='ocrx_word' id='word_1_19' title='bbox 477 458 594 495; x_wconf 87' lang='lat' dir='ltr'><strong>recte</strong></span> <span class='ocrx_word' id='word_1_20' title='bbox 626 455 828 504; x_wconf 86' lang='lat' dir='ltr'><strong>Sophocli</strong></span> <span class='ocrx_word' id='word_1_21' title='bbox 861 455 1056 494; x_wconf 85' lang='lat' dir='ltr'><strong>vindicat</strong></span> <span class='ocrx_word' id='word_1_22' title='bbox 1085 452 1249 493; x_wconf 84' lang='lat' dir='ltr'>Nauck.</span> <span class='ocrx_word' id='word_1_23' title='bbox 1282 452 1344 492; x_wconf 82' lang='lat' dir='ltr'><strong>Cf.</strong></span> <span class='ocrx_word' id='word_1_24' title='bbox 1378 452 1422 491; x_wconf 92' lang='lat' dir='ltr'><strong>F.</strong></span> <span class='ocrx_word' id='word_1_25' title='bbox 1441 451 1488 491; x_wconf 83' lang='lat' dir='ltr'><strong>T.</strong></span> <span class='ocrx_word' id='word_1_26' title='bbox 1506 450 1555 490; x_wconf 84' lang='lat' dir='ltr'><strong>G.</strong></span> <span class='ocrx_word' id='word_1_27' title='bbox 1589 449 1718 499; x_wconf 87' lang='lat' dir='ltr'><strong>Soph.</strong></span> <span class='ocrx_word' id='word_1_28' title='bbox 1751 448 1803 488; x_wconf 78' lang='lat' dir='ltr'><strong>fr.</strong></span> <span class='ocrx_word' id='word_1_29' title='bbox 1834 447 1931 487; x_wconf 85' lang='lat'><strong>728.</strong></span> 
     </span>
    </p>

    <p class='ocr_par' dir='ltr' id='par_1_4' title="bbox 261 516 1666 571">
     <span class='ocr_line' id='line_1_5' title="bbox 261 516 1666 571; baseline -0.007 -7"><span class='ocrx_word' id='word_1_30' title='bbox 261 527 325 565; x_wconf 88' lang='lat' dir='ltr'><strong>Fr.</strong></span> <span class='ocrx_word' id='word_1_31' title='bbox 359 526 459 564; x_wconf 90' lang='lat'><strong>595.</strong></span> <span class='ocrx_word' id='word_1_32' title='bbox 492 523 601 564; x_wconf 91' lang='lat' dir='ltr'><strong>Cum</strong></span> <span class='ocrx_word' id='word_1_33' title='bbox 633 522 696 562; x_wconf 91' lang='lat' dir='ltr'><strong>Bl.</strong></span> <span class='ocrx_word' id='word_1_34' title='bbox 731 522 927 571; x_wconf 85' lang='lat' dir='ltr'><strong>praefero</strong></span> <span class='ocrx_word' id='word_1_35' title='bbox 966 522 1149 562; x_wconf 84' lang='lat' dir='ltr'><strong>Monost.</strong></span> <span class='ocrx_word' id='word_1_36' title='bbox 1182 521 1416 561; x_wconf 87' lang='lat' dir='ltr'><strong>lectionem</strong></span> <span class='ocrx_word' id='word_1_37' title='bbox 1449 516 1666 570; x_wconf 80' lang='grc' dir='ltr'><strong>ἀχάριστος.</strong></span> 
     </span>
    </p>

    <p class='ocr_par' dir='ltr' id='par_1_5' title="bbox 261 582 2021 640">
     <span class='ocr_line' id='line_1_6' title="bbox 261 582 2021 640; baseline -0.007 -7"><span class='ocrx_word' id='word_1_38' title='bbox 261 595 325 633; x_wconf 83' lang='lat' dir='ltr'><strong>Fr.</strong></span> <span class='ocrx_word' id='word_1_39' title='bbox 360 592 460 632; x_wconf 85' lang='lat'><strong>599.</strong></span> <span class='ocrx_word' id='word_1_40' title='bbox 493 586 685 640; x_wconf 84' lang='grc' dir='ltr'><strong>φθάνοιμ’</strong></span> <span class='ocrx_word' id='word_1_41' title='bbox 721 587 772 627; x_wconf 77' lang='grc' dir='ltr'><strong>ἂν</strong></span> <span class='ocrx_word' id='word_1_42' title='bbox 804 600 880 640; x_wconf 87' lang='lat' dir='ltr'><strong>pro</strong></span> <span class='ocrx_word' id='word_1_43' title='bbox 913 589 1153 640; x_wconf 82' lang='grc' dir='ltr'><strong>φθανοίμην</strong></span> <span class='ocrx_word' id='word_1_44' title='bbox 1184 588 1249 628; x_wconf 91' lang='lat' dir='ltr'><strong>Bl.</strong></span> <span class='ocrx_word' id='word_1_45' title='bbox 1278 587 1427 628; x_wconf 82' lang='lat' dir='ltr'><strong>Malim</strong></span> <span class='ocrx_word' id='word_1_46' title='bbox 1455 585 1656 636; x_wconf 81' lang='grc' dir='ltr'><strong>φθάνοιμι</strong></span> <span class='ocrx_word' id='word_1_47' title='bbox 1682 594 1781 623; x_wconf 82' lang='lat' dir='ltr'><strong>cum</strong></span> <span class='ocrx_word' id='word_1_48' title='bbox 1812 582 2021 623; x_wconf 70' lang='lat' dir='ltr'><strong>Dobraoo.</strong></span> 
     </span>
    </p>

    <p class='ocr_par' dir='ltr' id='par_1_6' title="bbox 259 653 1522 709">
     <span class='ocr_line' id='line_1_7' title="bbox 259 653 1522 709; baseline -0.006 -8"><span class='ocrx_word' id='word_1_49' title='bbox 259 663 324 701; x_wconf 78' lang='lat' dir='ltr'><strong>Fr.</strong></span> <span class='ocrx_word' id='word_1_50' title='bbox 360 660 458 699; x_wconf 79' lang='grc'><strong>602.</strong></span> <span class='ocrx_word' id='word_1_51' title='bbox 491 658 553 698; x_wconf 87' lang='lat' dir='ltr'><strong>Cf.</strong></span> <span class='ocrx_word' id='word_1_52' title='bbox 589 658 779 707; x_wconf 82' lang='lat' dir='ltr'><strong>Hesych.</strong></span> <span class='ocrx_word' id='word_1_53' title='bbox 812 656 1180 709; x_wconf 77' lang='grc' dir='ltr'><strong>ἕτανταλίχθη·</strong></span> <span class='ocrx_word' id='word_1_54' title='bbox 1215 655 1379 706; x_wconf 76' lang='grc' dir='ltr'><strong><em>ἐσείσθη</em></strong></span> <span class='ocrx_word' id='word_1_55' title='bbox 1411 653 1522 701; x_wconf 75' lang='lat' dir='ltr'><strong>(BL.)</strong></span> 
     </span>
    </p>

    <p class='ocr_par' dir='ltr' id='par_1_7' title="bbox 260 717 2025 843">
     <span class='ocr_line' id='line_1_8' title="bbox 260 717 2025 775; baseline -0.006 -8"><span class='ocrx_word' id='word_1_56' title='bbox 260 730 325 768; x_wconf 92' lang='lat' dir='ltr'><strong>Fr.</strong></span> <span class='ocrx_word' id='word_1_57' title='bbox 359 729 458 767; x_wconf 89' lang='lat'><strong>603.</strong></span> <span class='ocrx_word' id='word_1_58' title='bbox 500 726 648 766; x_wconf 84' lang='lat' dir='ltr'><strong>Nauck</strong></span> <span class='ocrx_word' id='word_1_59' title='bbox 691 725 786 765; x_wconf 82' lang='lat' dir='ltr'><strong>Mel.</strong></span> <span class='ocrx_word' id='word_1_60' title='bbox 825 725 883 764; x_wconf 92' lang='lat' dir='ltr'><strong>VI</strong></span> <span class='ocrx_word' id='word_1_61' title='bbox 916 737 955 775; x_wconf 91' lang='lat' dir='ltr'><strong>p.</strong></span> <span class='ocrx_word' id='word_1_62' title='bbox 993 726 1076 765; x_wconf 89' lang='lat'><strong>163</strong></span> <span class='ocrx_word' id='word_1_63' title='bbox 1118 725 1192 765; x_wconf 87' lang='lat' dir='ltr'><strong>cft.</strong></span> <span class='ocrx_word' id='word_1_64' title='bbox 1235 724 1363 773; x_wconf 85' lang='lat' dir='ltr'><strong>Trag.</strong></span> <span class='ocrx_word' id='word_1_65' title='bbox 1407 722 1478 762; x_wconf 85' lang='lat' dir='ltr'><strong>Gr.</strong></span> <span class='ocrx_word' id='word_1_66' title='bbox 1521 721 1574 761; x_wconf 85' lang='lat' dir='ltr'><strong>fr.</strong></span> <span class='ocrx_word' id='word_1_67' title='bbox 1607 720 1672 760; x_wconf 91' lang='lat' dir='ltr'><strong>ed.</strong></span> <span class='ocrx_word' id='word_1_68' title='bbox 1706 719 1747 759; x_wconf 95' lang='lat' dir='ltr'><strong>II</strong></span> <span class='ocrx_word' id='word_1_69' title='bbox 1788 729 1830 769; x_wconf 89' lang='lat' dir='ltr'><strong>p.</strong></span> <span class='ocrx_word' id='word_1_70' title='bbox 1862 717 1948 758; x_wconf 85' lang='lat' dir='ltr'><strong>XII</strong></span> <span class='ocrx_word' id='word_1_71' title='bbox 1979 717 2025 757; x_wconf 83' lang='lat' dir='ltr'><strong>et</strong></span> 
     </span>
     <span class='ocr_line' id='line_1_9' title="bbox 317 794 1074 843; baseline -0.003 -8"><span class='ocrx_word' id='word_1_72' title='bbox 317 796 429 835; x_wconf 84' lang='lat' dir='ltr'><strong>Plut.</strong></span> <span class='ocrx_word' id='word_1_73' title='bbox 463 795 572 834; x_wconf 90' lang='lat' dir='ltr'><strong>Inst.</strong></span> <span class='ocrx_word' id='word_1_74' title='bbox 608 794 705 833; x_wconf 80' lang='lat' dir='ltr'><strong>Lac.</strong></span> <span class='ocrx_word' id='word_1_75' title='bbox 741 794 811 843; x_wconf 88' lang='lat'><strong>29,</strong></span> <span class='ocrx_word' id='word_1_76' title='bbox 844 804 883 843; x_wconf 90' lang='lat' dir='ltr'><strong>p.</strong></span> <span class='ocrx_word' id='word_1_77' title='bbox 919 794 1074 833; x_wconf 89' lang='lat' dir='ltr'><strong>289A.</strong></span> 
     </span>
    </p>

    <p class='ocr_par' dir='ltr' id='par_1_8' title="bbox 259 852 2022 980">
     <span class='ocr_line' id='line_1_10' title="bbox 259 852 2022 910; baseline -0.006 -7"><span class='ocrx_word' id='word_1_78' title='bbox 259 865 326 903; x_wconf 88' lang='lat' dir='ltr'><strong>Fr.</strong></span> <span class='ocrx_word' id='word_1_79' title='bbox 358 864 458 903; x_wconf 92' lang='lat'><strong>604.</strong></span> <span class='ocrx_word' id='word_1_80' title='bbox 491 862 611 901; x_wconf 83' lang='lat' dir='ltr'><strong>Idem</strong></span> <span class='ocrx_word' id='word_1_81' title='bbox 644 861 670 900; x_wconf 91' lang='lat'><strong>1.</strong></span> <span class='ocrx_word' id='word_1_82' title='bbox 700 861 727 900; x_wconf 89' lang='lat' dir='ltr'><strong>l.</strong></span> <span class='ocrx_word' id='word_1_83' title='bbox 761 861 869 901; x_wconf 87' lang='lat' dir='ltr'><strong>citat</strong></span> <span class='ocrx_word' id='word_1_84' title='bbox 899 861 1013 901; x_wconf 88' lang='lat' dir='ltr'><strong>Plut.</strong></span> <span class='ocrx_word' id='word_1_85' title='bbox 1042 861 1087 910; x_wconf 85' lang='lat' dir='ltr'><strong>Q.</strong></span> <span class='ocrx_word' id='word_1_86' title='bbox 1117 860 1251 901; x_wconf 86' lang='lat' dir='ltr'><strong>Conv.</strong></span> <span class='ocrx_word' id='word_1_87' title='bbox 1285 860 1324 907; x_wconf 90' lang='lat'><strong>3,</strong></span> <span class='ocrx_word' id='word_1_88' title='bbox 1360 860 1386 898; x_wconf 91' lang='lat'><strong>9</strong></span> <span class='ocrx_word' id='word_1_89' title='bbox 1414 869 1453 908; x_wconf 93' lang='lat' dir='ltr'><strong>p.</strong></span> <span class='ocrx_word' id='word_1_90' title='bbox 1482 857 1566 898; x_wconf 84' lang='lat'><strong>657</strong></span> <span class='ocrx_word' id='word_1_91' title='bbox 1586 858 1646 905; x_wconf 84' lang='lat' dir='ltr'><strong>A;</strong></span> <span class='ocrx_word' id='word_1_92' title='bbox 1674 854 1813 895; x_wconf 84' lang='lat' dir='ltr'><strong>Procl.</strong></span> <span class='ocrx_word' id='word_1_93' title='bbox 1841 854 1884 894; x_wconf 87' lang='lat' dir='ltr'><strong>in</strong></span> <span class='ocrx_word' id='word_1_94' title='bbox 1917 852 2022 894; x_wconf 79' lang='lat' dir='ltr'><strong>Hes.</strong></span> 
     </span>
     <span class='ocr_line' id='line_1_11' title="bbox 316 928 1150 980; baseline -0.004 -9"><span class='ocrx_word' id='word_1_95' title='bbox 316 933 392 980; x_wconf 87' lang='lat' dir='ltr'><strong>Op.</strong></span> <span class='ocrx_word' id='word_1_96' title='bbox 426 930 536 977; x_wconf 87' lang='lat'><strong>598;</strong></span> <span class='ocrx_word' id='word_1_97' title='bbox 571 929 770 967; x_wconf 85' lang='lat' dir='ltr'><strong>Eustath.</strong></span> <span class='ocrx_word' id='word_1_98' title='bbox 805 928 880 968; x_wconf 89' lang='lat' dir='ltr'><strong>Od.</strong></span> <span class='ocrx_word' id='word_1_99' title='bbox 920 929 1046 979; x_wconf 85' lang='grc'><strong>1624,</strong></span> <span class='ocrx_word' id='word_1_100' title='bbox 1080 930 1150 968; x_wconf 87' lang='lat'><strong>44.</strong></span> 
     </span>
    </p>

    <p class='ocr_par' dir='ltr' id='par_1_9' title="bbox 260 988 2024 1115">
     <span class='ocr_line' id='line_1_12' title="bbox 260 988 2024 1045; baseline -0.005 -8"><span class='ocrx_word' id='word_1_101' title='bbox 260 1000 324 1038; x_wconf 97' lang='lat' dir='ltr'><strong>Fr.</strong></span> <span class='ocrx_word' id='word_1_102' title='bbox 358 999 457 1037; x_wconf 91' lang='lat'><strong>605.</strong></span> <span class='ocrx_word' id='word_1_103' title='bbox 500 997 622 1036; x_wconf 86' lang='lat' dir='ltr'><strong>Idem</strong></span> <span class='ocrx_word' id='word_1_104' title='bbox 664 996 691 1035; x_wconf 93' lang='lat'><strong>1.</strong></span> <span class='ocrx_word' id='word_1_105' title='bbox 726 996 753 1035; x_wconf 89' lang='lat' dir='ltr'><strong>l.</strong></span> <span class='ocrx_word' id='word_1_106' title='bbox 796 1006 850 1036; x_wconf 84' lang='lat' dir='ltr'><strong>ex</strong></span> <span class='ocrx_word' id='word_1_107' title='bbox 892 996 1038 1045; x_wconf 87' lang='lat' dir='ltr'><strong>Etym.</strong></span> <span class='ocrx_word' id='word_1_108' title='bbox 1082 996 1207 1036; x_wconf 86' lang='lat' dir='ltr'><strong>Voss.</strong></span> <span class='ocrx_word' id='word_1_109' title='bbox 1249 1006 1290 1045; x_wconf 90' lang='lat' dir='ltr'><strong>p.</strong></span> <span class='ocrx_word' id='word_1_110' title='bbox 1332 995 1402 1045; x_wconf 88' lang='lat'><strong>21,</strong></span> <span class='ocrx_word' id='word_1_111' title='bbox 1437 993 1548 1034; x_wconf 87' lang='lat' dir='ltr'><strong>60A</strong></span> <span class='ocrx_word' id='word_1_112' title='bbox 1590 990 1786 1042; x_wconf 77' lang='grc' dir='ltr'><em>στρύχνου</em></span> <span class='ocrx_word' id='word_1_113' title='bbox 1832 988 2024 1030; x_wconf 87' lang='lat' dir='ltr'><strong>correxit</strong></span> 
     </span>
     <span class='ocr_line' id='line_1_13' title="bbox 316 1065 607 1115; baseline -0.014 -10"><span class='ocrx_word' id='word_1_114' title='bbox 316 1076 392 1115; x_wconf 89' lang='lat' dir='ltr'><strong>pro</strong></span> <span class='ocrx_word' id='word_1_115' title='bbox 424 1065 607 1115; x_wconf 80' lang='grc' dir='ltr'><strong>τρύχνου.</strong></span> 
     </span>
    </p>

    <p class='ocr_par' dir='ltr' id='par_1_10' title="bbox 259 1123 2025 1249">
     <span class='ocr_line' id='line_1_14' title="bbox 259 1123 2025 1180; baseline -0.005 -8"><span class='ocrx_word' id='word_1_116' title='bbox 259 1134 324 1172; x_wconf 89' lang='lat' dir='ltr'><strong>Fr.</strong></span> <span class='ocrx_word' id='word_1_117' title='bbox 358 1133 458 1172; x_wconf 89' lang='lat'><strong>609.</strong></span> <span class='ocrx_word' id='word_1_118' title='bbox 505 1131 828 1180; x_wconf 86' lang='lat' dir='ltr'><strong>Papageorgius</strong></span> <span class='ocrx_word' id='word_1_119' title='bbox 861 1141 883 1171; x_wconf 90' lang='lat' dir='ltr'><strong>e</strong></span> <span class='ocrx_word' id='word_1_120' title='bbox 925 1131 1104 1171; x_wconf 86' lang='lat' dir='ltr'><strong>Luciani</strong></span> <span class='ocrx_word' id='word_1_121' title='bbox 1144 1130 1372 1170; x_wconf 82' lang='lat' dir='ltr'><strong>Demosth.</strong></span> <span class='ocrx_word' id='word_1_122' title='bbox 1415 1138 1585 1169; x_wconf 91' lang='lat' dir='ltr'><strong>encom.</strong></span> <span class='ocrx_word' id='word_1_123' title='bbox 1628 1128 1655 1168; x_wconf 97' lang='lat'><strong>3</strong></span> <span class='ocrx_word' id='word_1_124' title='bbox 1697 1125 1850 1167; x_wconf 86' lang='lat' dir='ltr'><strong>attulit</strong></span> <span class='ocrx_word' id='word_1_125' title='bbox 1892 1123 2025 1166; x_wconf 82' lang='lat' dir='ltr'><strong>verba</strong></span> 
     </span>
     <span class='ocr_line' id='line_1_15' title="bbox 314 1195 1667 1249; baseline -0.003 -12"><span class='ocrx_word' id='word_1_126' title='bbox 314 1200 532 1249; x_wconf 71' lang='grc' dir='ltr'><strong>πτήξοντας</strong></span> <span class='ocrx_word' id='word_1_127' title='bbox 563 1196 637 1236; x_wconf 77' lang='grc' dir='ltr'><strong>οὐκ</strong></span> <span class='ocrx_word' id='word_1_128' title='bbox 669 1197 723 1244; x_wconf 85' lang='grc' dir='ltr'><strong>εἰς</strong></span> <span class='ocrx_word' id='word_1_129' title='bbox 755 1196 912 1248; x_wconf 82' lang='grc' dir='ltr'><strong>μακρὰν</strong></span> <span class='ocrx_word' id='word_1_130' title='bbox 943 1198 1062 1249; x_wconf 80' lang='grc' dir='ltr'><strong>δίκην</strong></span> <span class='ocrx_word' id='word_1_131' title='bbox 1092 1203 1171 1237; x_wconf 84' lang='grc' dir='ltr'><strong>τῶν</strong></span> <span class='ocrx_word' id='word_1_132' title='bbox 1203 1197 1385 1237; x_wconf 78' lang='grc' dir='ltr'><strong>δειλινῶν</strong></span> <span class='ocrx_word' id='word_1_133' title='bbox 1415 1195 1667 1246; x_wconf 79' lang='grc' dir='ltr'><strong>πνευμάτων.</strong></span> 
     </span>
    </p>

    <p class='ocr_par' dir='ltr' id='par_1_11' title="bbox 257 1260 2024 1441">
     <span class='ocr_line' id='line_1_16' title="bbox 257 1260 2023 1315; baseline -0.003 -10"><span class='ocrx_word' id='word_1_134' title='bbox 257 1267 324 1307; x_wconf 88' lang='lat' dir='ltr'><strong>Fr.</strong></span> <span class='ocrx_word' id='word_1_135' title='bbox 358 1267 443 1307; x_wconf 89' lang='lat'><strong>615</strong></span> <span class='ocrx_word' id='word_1_136' title='bbox 485 1276 549 1314; x_wconf 92' lang='lat' dir='ltr'><strong>sq.</strong></span> <span class='ocrx_word' id='word_1_137' title='bbox 598 1264 693 1304; x_wconf 89' lang='lat' dir='ltr'><strong>Vid.</strong></span> <span class='ocrx_word' id='word_1_138' title='bbox 740 1265 891 1305; x_wconf 84' lang='lat' dir='ltr'><strong>Nauck</strong></span> <span class='ocrx_word' id='word_1_139' title='bbox 933 1265 960 1305; x_wconf 95' lang='lat' dir='ltr'><strong>l.</strong></span> <span class='ocrx_word' id='word_1_140' title='bbox 994 1266 1022 1305; x_wconf 95' lang='grc'><strong>1.</strong></span> <span class='ocrx_word' id='word_1_141' title='bbox 1063 1276 1103 1315; x_wconf 87' lang='lat' dir='ltr'><strong>p.</strong></span> <span class='ocrx_word' id='word_1_142' title='bbox 1151 1266 1247 1305; x_wconf 87' lang='lat'><strong>164.</strong></span> <span class='ocrx_word' id='word_1_143' title='bbox 1291 1264 1413 1304; x_wconf 88' lang='lat' dir='ltr'><strong>Idem</strong></span> <span class='ocrx_word' id='word_1_144' title='bbox 1454 1263 1506 1304; x_wconf 88' lang='lat' dir='ltr'><strong>fr.</strong></span> <span class='ocrx_word' id='word_1_145' title='bbox 1539 1263 1623 1304; x_wconf 84' lang='lat'><strong>617</strong></span> <span class='ocrx_word' id='word_1_146' title='bbox 1666 1260 1884 1312; x_wconf 78' lang='lat' dir='ltr'><strong>Euripidis</strong></span> <span class='ocrx_word' id='word_1_147' title='bbox 1924 1269 2023 1301; x_wconf 84' lang='lat' dir='ltr'><strong>esse</strong></span> 
     </span>
     <span class='ocr_line' id='line_1_17' title="bbox 316 1328 2024 1384; baseline -0.002 -12"><span class='ocrx_word' id='word_1_148' title='bbox 316 1333 462 1383; x_wconf 89' lang='lat' dir='ltr'><strong>Suppl.</strong></span> <span class='ocrx_word' id='word_1_149' title='bbox 496 1333 582 1372; x_wconf 91' lang='lat'><strong>865</strong></span> <span class='ocrx_word' id='word_1_150' title='bbox 614 1343 678 1381; x_wconf 86' lang='lat' dir='ltr'><strong>sq.</strong></span> <span class='ocrx_word' id='word_1_151' title='bbox 722 1333 904 1381; x_wconf 87' lang='lat' dir='ltr'><strong>agnovit</strong></span> <span class='ocrx_word' id='word_1_152' title='bbox 944 1335 988 1373; x_wconf 88' lang='lat' dir='ltr'><strong>et</strong></span> <span class='ocrx_word' id='word_1_153' title='bbox 1029 1333 1081 1373; x_wconf 88' lang='lat' dir='ltr'><strong>fr.</strong></span> <span class='ocrx_word' id='word_1_154' title='bbox 1120 1333 1206 1373; x_wconf 89' lang='lat'><strong>618</strong></span> <span class='ocrx_word' id='word_1_155' title='bbox 1249 1342 1336 1372; x_wconf 92' lang='lat' dir='ltr'><strong>uno</strong></span> <span class='ocrx_word' id='word_1_156' title='bbox 1384 1341 1513 1371; x_wconf 88' lang='lat' dir='ltr'><strong>versu</strong></span> <span class='ocrx_word' id='word_1_157' title='bbox 1562 1330 1777 1384; x_wconf 72' lang='lat' dir='ltr'><strong>scriptum</strong></span> <span class='ocrx_word' id='word_1_158' title='bbox 1824 1328 2024 1379; x_wconf 79' lang='lat' dir='ltr'><strong>oportere</strong></span> 
     </span>
     <span class='ocr_line' id='line_1_18' title="bbox 315 1399 1248 1441; baseline 0 -1"><span class='ocrx_word' id='word_1_159' title='bbox 315 1401 498 1440; x_wconf 88' lang='lat' dir='ltr'><strong>monuit.</strong></span> <span class='ocrx_word' id='word_1_160' title='bbox 532 1399 798 1441; x_wconf 87' lang='lat' dir='ltr'><strong>Consulatur</strong></span> <span class='ocrx_word' id='word_1_161' title='bbox 830 1400 946 1440; x_wconf 90' lang='lat' dir='ltr'><strong>idem</strong></span> <span class='ocrx_word' id='word_1_162' title='bbox 979 1401 1030 1441; x_wconf 92' lang='lat' dir='ltr'><strong>de</strong></span> <span class='ocrx_word' id='word_1_163' title='bbox 1062 1401 1114 1441; x_wconf 84' lang='lat' dir='ltr'><strong>fr.</strong></span> <span class='ocrx_word' id='word_1_164' title='bbox 1148 1401 1248 1441; x_wconf 88' lang='lat'><strong>619.</strong></span> 
     </span>
    </p>

    <p class='ocr_par' dir='ltr' id='par_1_12' title="bbox 260 1463 2027 1712">
     <span class='ocr_line' id='line_1_19' title="bbox 260 1463 2023 1518; baseline -0.003 -10"><span class='ocrx_word' id='word_1_165' title='bbox 260 1470 327 1508; x_wconf 88' lang='lat' dir='ltr'><strong>Fr.</strong></span> <span class='ocrx_word' id='word_1_166' title='bbox 362 1469 449 1509; x_wconf 89' lang='lat'><strong>620</strong></span> <span class='ocrx_word' id='word_1_167' title='bbox 491 1468 651 1518; x_wconf 83' lang='lat' dir='ltr'><strong>legitur</strong></span> <span class='ocrx_word' id='word_1_168' title='bbox 692 1478 759 1518; x_wconf 91' lang='lat' dir='ltr'><strong>ap.</strong></span> <span class='ocrx_word' id='word_1_169' title='bbox 793 1468 907 1509; x_wconf 89' lang='lat' dir='ltr'><strong>Plut.</strong></span> <span class='ocrx_word' id='word_1_170' title='bbox 941 1469 993 1509; x_wconf 90' lang='lat' dir='ltr'><strong>de</strong></span> <span class='ocrx_word' id='word_1_171' title='bbox 1024 1469 1098 1509; x_wconf 92' lang='lat' dir='ltr'><strong>lib.</strong></span> <span class='ocrx_word' id='word_1_172' title='bbox 1132 1469 1254 1508; x_wconf 89' lang='lat' dir='ltr'><strong>educ.</strong></span> <span class='ocrx_word' id='word_1_173' title='bbox 1289 1478 1381 1517; x_wconf 87' lang='lat' dir='ltr'><strong>cap.</strong></span> <span class='ocrx_word' id='word_1_174' title='bbox 1414 1468 1440 1507; x_wconf 89' lang='lat'><strong>6</strong></span> <span class='ocrx_word' id='word_1_175' title='bbox 1472 1477 1513 1516; x_wconf 90' lang='lat' dir='ltr'><strong>p.</strong></span> <span class='ocrx_word' id='word_1_176' title='bbox 1547 1467 1642 1506; x_wconf 89' lang='lat' dir='ltr'><strong>4A.</strong></span> <span class='ocrx_word' id='word_1_177' title='bbox 1685 1466 1903 1517; x_wconf 72' lang='grc' dir='ltr'><strong>Παροικῶν</strong></span> <span class='ocrx_word' id='word_1_178' title='bbox 1932 1463 2023 1504; x_wconf 85' lang='lat' dir='ltr'><strong>iam</strong></span> 
     </span>
     <span class='ocr_line' id='line_1_20' title="bbox 318 1528 2027 1583; baseline -0.003 -8"><span class='ocrx_word' id='word_1_179' title='bbox 318 1537 472 1576; x_wconf 84' lang='lat' dir='ltr'><strong>Schott</strong></span> <span class='ocrx_word' id='word_1_180' title='bbox 518 1537 710 1575; x_wconf 86' lang='lat' dir='ltr'><strong>correxit</strong></span> <span class='ocrx_word' id='word_1_181' title='bbox 757 1546 795 1576; x_wconf 89' lang='lat' dir='ltr'><strong>a.</strong></span> <span class='ocrx_word' id='word_1_182' title='bbox 847 1537 975 1576; x_wconf 91' lang='lat'><strong>1612.</strong></span> <span class='ocrx_word' id='word_1_183' title='bbox 1019 1536 1186 1576; x_wconf 85' lang='lat' dir='ltr'><strong>Monuit</strong></span> <span class='ocrx_word' id='word_1_184' title='bbox 1227 1534 1391 1575; x_wconf 90' lang='lat' dir='ltr'><strong>Nauck.</strong></span> <span class='ocrx_word' id='word_1_185' title='bbox 1427 1556 1480 1562; x_wconf 92' lang='lat'>—</span> <span class='ocrx_word' id='word_1_186' title='bbox 1514 1530 1591 1572; x_wconf 77' lang='grc' dir='ltr'><strong>κᾶν</strong></span> <span class='ocrx_word' id='word_1_187' title='bbox 1633 1529 1731 1583; x_wconf 78' lang='grc' dir='ltr'><strong>ἑνὶ,</strong></span> <span class='ocrx_word' id='word_1_188' title='bbox 1768 1531 1864 1573; x_wconf 87' lang='lat' dir='ltr'><strong>scil.</strong></span> <span class='ocrx_word' id='word_1_189' title='bbox 1907 1528 2027 1581; x_wconf 76' lang='grc' dir='ltr'><strong>ποδί,</strong></span> 
     </span>
     <span class='ocr_line' id='line_1_21' title="bbox 318 1596 2023 1656; baseline -0.004 -12"><span class='ocrx_word' id='word_1_190' title='bbox 318 1606 435 1645; x_wconf 87' lang='lat' dir='ltr'><strong>recte</strong></span> <span class='ocrx_word' id='word_1_191' title='bbox 466 1604 783 1654; x_wconf 86' lang='lat' dir='ltr'><strong>interpretatur</strong></span> <span class='ocrx_word' id='word_1_192' title='bbox 808 1604 872 1644; x_wconf 91' lang='lat' dir='ltr'><strong>Bl.</strong></span> <span class='ocrx_word' id='word_1_193' title='bbox 901 1604 999 1644; x_wconf 90' lang='lat' dir='ltr'><strong>coll.</strong></span> <span class='ocrx_word' id='word_1_194' title='bbox 1025 1605 1100 1644; x_wconf 88' lang='lat' dir='ltr'><strong>Ar.</strong></span> <span class='ocrx_word' id='word_1_195' title='bbox 1127 1604 1255 1653; x_wconf 89' lang='lat' dir='ltr'><strong>Vesp.</strong></span> <span class='ocrx_word' id='word_1_196' title='bbox 1285 1603 1369 1643; x_wconf 87' lang='lat'><strong>497</strong></span> <span class='ocrx_word' id='word_1_197' title='bbox 1397 1598 1691 1653; x_wconf 75' lang='grc' dir='ltr'><strong>παραβλέψασα</strong></span> <span class='ocrx_word' id='word_1_198' title='bbox 1711 1622 1762 1629; x_wconf 90' lang='grc'>-</span> <span class='ocrx_word' id='word_1_199' title='bbox 1780 1596 1950 1656; x_wconf 63' lang='grc' dir='ltr'><strong>θάτέρᾳ.</strong></span> <span class='ocrx_word' id='word_1_200' title='bbox 1967 1619 2023 1627; x_wconf 92' lang='grc'>-</span> 
     </span>
     <span class='ocr_line' id='line_1_22' title="bbox 320 1672 967 1712; baseline 0 -1"><span class='ocrx_word' id='word_1_201' title='bbox 320 1672 381 1712; x_wconf 86' lang='lat' dir='ltr'><strong>Cf.</strong></span> <span class='ocrx_word' id='word_1_202' title='bbox 416 1672 552 1712; x_wconf 89' lang='lat' dir='ltr'><strong>etiam</strong></span> <span class='ocrx_word' id='word_1_203' title='bbox 584 1672 774 1712; x_wconf 90' lang='lat' dir='ltr'><strong>Herond.</strong></span> <span class='ocrx_word' id='word_1_204' title='bbox 808 1672 866 1711; x_wconf 90' lang='lat' dir='ltr'><strong>VI</strong></span> <span class='ocrx_word' id='word_1_205' title='bbox 899 1673 967 1711; x_wconf 88' lang='lat'><strong>23.</strong></span> 
     </span>
    </p>

    <p class='ocr_par' dir='ltr' id='par_1_13' title="bbox 260 1735 2024 1857">
     <span class='ocr_line' id='line_1_23' title="bbox 260 1735 2024 1788; baseline -0.002 -9"><span class='ocrx_word' id='word_1_206' title='bbox 260 1741 327 1779; x_wconf 90' lang='lat' dir='ltr'><strong>Fr.</strong></span> <span class='ocrx_word' id='word_1_207' title='bbox 361 1741 447 1780; x_wconf 86' lang='lat'><strong>624</strong></span> <span class='ocrx_word' id='word_1_208' title='bbox 479 1739 778 1788; x_wconf 87' lang='lat' dir='ltr'><strong>Lycophronis</strong></span> <span class='ocrx_word' id='word_1_209' title='bbox 823 1749 922 1779; x_wconf 90' lang='lat' dir='ltr'><strong>esse</strong></span> <span class='ocrx_word' id='word_1_210' title='bbox 960 1739 1070 1778; x_wconf 88' lang='lat' dir='ltr'><strong>vidit</strong></span> <span class='ocrx_word' id='word_1_211' title='bbox 1101 1739 1155 1779; x_wconf 90' lang='lat' dir='ltr'><strong>H.</strong></span> <span class='ocrx_word' id='word_1_212' title='bbox 1174 1738 1287 1778; x_wconf 90' lang='lat' dir='ltr'><strong>Weil</strong></span> <span class='ocrx_word' id='word_1_213' title='bbox 1329 1738 1373 1777; x_wconf 90' lang='lat' dir='ltr'><strong>in</strong></span> <span class='ocrx_word' id='word_1_214' title='bbox 1414 1737 1563 1777; x_wconf 87' lang='lat' dir='ltr'><strong>Revue</strong></span> <span class='ocrx_word' id='word_1_215' title='bbox 1594 1736 1672 1776; x_wconf 89' lang='lat' dir='ltr'><strong>des</strong></span> <span class='ocrx_word' id='word_1_216' title='bbox 1703 1735 1858 1776; x_wconf 84' lang='lat' dir='ltr'><strong>etudes</strong></span> <span class='ocrx_word' id='word_1_217' title='bbox 1886 1744 1951 1785; x_wconf 75' lang='lat' dir='ltr'><strong>gr.</strong></span> <span class='ocrx_word' id='word_1_218' title='bbox 1983 1744 2024 1775; x_wconf 78' lang='lat' dir='ltr'><strong>a.</strong></span> 
     </span>
     <span class='ocr_line' id='line_1_24' title="bbox 326 1808 645 1857; baseline -0.003 -10"><span class='ocrx_word' id='word_1_219' title='bbox 326 1808 437 1847; x_wconf 91' lang='lat'><strong>1888</strong></span> <span class='ocrx_word' id='word_1_220' title='bbox 470 1818 509 1857; x_wconf 92' lang='lat' dir='ltr'><strong>p.</strong></span> <span class='ocrx_word' id='word_1_221' title='bbox 545 1808 645 1847; x_wconf 93' lang='lat'><strong>395.</strong></span> 
     </span>
    </p>

    <p class='ocr_par' dir='ltr' id='par_1_14' title="bbox 259 1870 2026 1992">
     <span class='ocr_line' id='line_1_25' title="bbox 259 1870 2026 1926; baseline -0.003 -11"><span class='ocrx_word' id='word_1_222' title='bbox 259 1876 327 1915; x_wconf 88' lang='lat' dir='ltr'><strong>Fr.</strong></span> <span class='ocrx_word' id='word_1_223' title='bbox 361 1877 461 1916; x_wconf 85' lang='lat'><strong>625.</strong></span> <span class='ocrx_word' id='word_1_224' title='bbox 510 1874 620 1914; x_wconf 86' lang='lat' dir='ltr'><strong>Male</strong></span> <span class='ocrx_word' id='word_1_225' title='bbox 660 1874 857 1914; x_wconf 87' lang='lat' dir='ltr'><strong>additum</strong></span> <span class='ocrx_word' id='word_1_226' title='bbox 889 1888 942 1926; x_wconf 78' lang='grc' dir='ltr'><strong>γε.</strong></span> <span class='ocrx_word' id='word_1_227' title='bbox 990 1874 1419 1923; x_wconf 86' lang='lat' dir='ltr'><strong>Hendecasyllabum</strong></span> <span class='ocrx_word' id='word_1_228' title='bbox 1466 1882 1564 1913; x_wconf 89' lang='lat' dir='ltr'><strong>esse</strong></span> <span class='ocrx_word' id='word_1_229' title='bbox 1608 1871 1829 1911; x_wconf 83' lang='lat' dir='ltr'><strong>intellexit</strong></span> <span class='ocrx_word' id='word_1_230' title='bbox 1873 1870 2026 1912; x_wconf 85' lang='lat' dir='ltr'><strong>Nauck</strong></span> 
     </span>
     <span class='ocr_line' id='line_1_26' title="bbox 319 1938 2022 1992; baseline -0.002 -10"><span class='ocrx_word' id='word_1_231' title='bbox 319 1943 346 1982; x_wconf 97' lang='lat' dir='ltr'><strong>l.</strong></span> <span class='ocrx_word' id='word_1_232' title='bbox 366 1943 393 1982; x_wconf 90' lang='lat'><strong>1.</strong></span> <span class='ocrx_word' id='word_1_233' title='bbox 426 1953 466 1992; x_wconf 91' lang='lat' dir='ltr'><strong>p.</strong></span> <span class='ocrx_word' id='word_1_234' title='bbox 504 1943 600 1991; x_wconf 89' lang='lat'><strong>165,</strong></span> <span class='ocrx_word' id='word_1_235' title='bbox 633 1942 819 1981; x_wconf 89' lang='lat' dir='ltr'><strong>laudans</strong></span> <span class='ocrx_word' id='word_1_236' title='bbox 851 1941 1006 1991; x_wconf 87' lang='lat' dir='ltr'><strong>Bergk,</strong></span> <span class='ocrx_word' id='word_1_237' title='bbox 1040 1942 1140 1991; x_wconf 88' lang='lat' dir='ltr'><strong>L.yr</strong></span> <span class='ocrx_word' id='word_1_238' title='bbox 1168 1942 1232 1981; x_wconf 95' lang='lat' dir='ltr'><strong>III</strong></span> <span class='ocrx_word' id='word_1_239' title='bbox 1258 1952 1298 1991; x_wconf 92' lang='lat' dir='ltr'><strong>p.</strong></span> <span class='ocrx_word' id='word_1_240' title='bbox 1327 1940 1561 1982; x_wconf 79' lang='lat'><strong>643-647</strong></span> <span class='ocrx_word' id='word_1_241' title='bbox 1591 1940 1634 1979; x_wconf 87' lang='lat' dir='ltr'><strong>et</strong></span> <span class='ocrx_word' id='word_1_242' title='bbox 1662 1938 1898 1979; x_wconf 79' lang='lat' dir='ltr'><strong>Cratinifr.</strong></span> <span class='ocrx_word' id='word_1_243' title='bbox 1921 1939 2022 1979; x_wconf 89' lang='lat'><strong>821.</strong></span> 
     </span>
    </p>

    <p class='ocr_par' dir='ltr' id='par_1_15' title="bbox 261 2005 2026 2532">
     <span class='ocr_line' id='line_1_27' title="bbox 261 2005 2024 2061; baseline -0.002 -12"><span class='ocrx_word' id='word_1_244' title='bbox 261 2011 328 2050; x_wconf 88' lang='lat' dir='ltr'><strong>Fr.</strong></span> <span class='ocrx_word' id='word_1_245' title='bbox 362 2011 462 2051; x_wconf 88' lang='lat'><strong>631.</strong></span> <span class='ocrx_word' id='word_1_246' title='bbox 506 2008 654 2061; x_wconf 79' lang='grc' dir='ltr'>&lt;ἐγὼ&gt;</span> <span class='ocrx_word' id='word_1_247' title='bbox 692 2009 903 2059; x_wconf 67' lang='grc' dir='ltr'><strong>καταβαλῶ</strong></span> <span class='ocrx_word' id='word_1_248' title='bbox 935 2009 1071 2049; x_wconf 91' lang='lat' dir='ltr'><strong>nimis</strong></span> <span class='ocrx_word' id='word_1_249' title='bbox 1102 2009 1270 2049; x_wconf 88' lang='lat' dir='ltr'><strong>incerta</strong></span> <span class='ocrx_word' id='word_1_250' title='bbox 1310 2008 1560 2048; x_wconf 85' lang='lat' dir='ltr'><strong>coniectura</strong></span> <span class='ocrx_word' id='word_1_251' title='bbox 1589 2006 1764 2056; x_wconf 84' lang='lat' dir='ltr'><strong>supplet</strong></span> <span class='ocrx_word' id='word_1_252' title='bbox 1793 2005 1858 2047; x_wconf 93' lang='lat' dir='ltr'><strong>Bl.</strong></span> <span class='ocrx_word' id='word_1_253' title='bbox 1890 2005 2024 2046; x_wconf 87' lang='lat' dir='ltr'><strong>Recte</strong></span> 
     </span>
     <span class='ocr_line' id='line_1_28' title="bbox 320 2073 2022 2126; baseline -0.002 -9"><span class='ocrx_word' id='word_1_254' title='bbox 320 2078 423 2118; x_wconf 83' lang='lat' dir='ltr'><strong>fecit</strong></span> <span class='ocrx_word' id='word_1_255' title='bbox 468 2077 588 2117; x_wconf 91' lang='lat' dir='ltr'><strong>Kock</strong></span> <span class='ocrx_word' id='word_1_256' title='bbox 636 2077 887 2116; x_wconf 87' lang='lat' dir='ltr'><strong>huiusmodi</strong></span> <span class='ocrx_word' id='word_1_257' title='bbox 935 2086 1090 2116; x_wconf 89' lang='lat' dir='ltr'><strong>versus</strong></span> <span class='ocrx_word' id='word_1_258' title='bbox 1131 2087 1218 2117; x_wconf 90' lang='lat' dir='ltr'><strong>non</strong></span> <span class='ocrx_word' id='word_1_259' title='bbox 1260 2076 1457 2126; x_wconf 87' lang='lat' dir='ltr'><strong>explens.</strong></span> <span class='ocrx_word' id='word_1_260' title='bbox 1495 2097 1546 2104; x_wconf 91' lang='lat'>—</span> <span class='ocrx_word' id='word_1_261' title='bbox 1579 2074 1702 2114; x_wconf 86' lang='lat' dir='ltr'><strong>Idem</strong></span> <span class='ocrx_word' id='word_1_262' title='bbox 1743 2073 1809 2113; x_wconf 91' lang='lat' dir='ltr'><strong>Bl.</strong></span> <span class='ocrx_word' id='word_1_263' title='bbox 1850 2073 1903 2113; x_wconf 81' lang='lat' dir='ltr'><strong>fr.</strong></span> <span class='ocrx_word' id='word_1_264' title='bbox 1935 2073 2022 2114; x_wconf 88' lang='lat'><strong>688</strong></span> 
     </span>
     <span class='ocr_line' id='line_1_29' title="bbox 319 2140 2024 2198; baseline -0.001 -15"><span class='ocrx_word' id='word_1_265' title='bbox 319 2145 491 2195; x_wconf 78' lang='grc' dir='ltr'><em>κάμινον</em></span> <span class='ocrx_word' id='word_1_266' title='bbox 548 2141 639 2190; x_wconf 65' lang='lat' dir='ltr'><strong>&lt;ebs</strong></span> <span class='ocrx_word' id='word_1_267' title='bbox 686 2140 819 2183; x_wconf 61' lang='lat' dir='ltr'><strong>foai&gt;</strong></span> <span class='ocrx_word' id='word_1_268' title='bbox 871 2142 944 2195; x_wconf 79' lang='grc' dir='ltr'><strong>ἔχω</strong></span> <span class='ocrx_word' id='word_1_269' title='bbox 985 2140 1026 2182; x_wconf 86' lang='grc' dir='ltr'><strong>’ν</strong></span> <span class='ocrx_word' id='word_1_270' title='bbox 1067 2148 1158 2194; x_wconf 89' lang='lat' dir='ltr'><strong>(pro</strong></span> <span class='ocrx_word' id='word_1_271' title='bbox 1205 2143 1303 2195; x_wconf 82' lang='grc' dir='ltr'><strong>ἔχων</strong></span> <span class='ocrx_word' id='word_1_272' title='bbox 1351 2142 1408 2190; x_wconf 77' lang='grc' dir='ltr'><strong>ἐν)</strong></span> <span class='ocrx_word' id='word_1_273' title='bbox 1458 2149 1510 2198; x_wconf 80' lang='grc' dir='ltr'><strong>τῷ</strong></span> <span class='ocrx_word' id='word_1_274' title='bbox 1556 2141 1764 2191; x_wconf 80' lang='grc' dir='ltr'><strong>πνεύμονι.</strong></span> <span class='ocrx_word' id='word_1_275' title='bbox 1820 2140 2024 2182; x_wconf 74' lang='lat' dir='ltr'><strong>Praeforo</strong></span> 
     </span>
     <span class='ocr_line' id='line_1_30' title="bbox 321 2208 2026 2261; baseline -0.002 -9"><span class='ocrx_word' id='word_1_276' title='bbox 321 2212 523 2253; x_wconf 85' lang='lat' dir='ltr'><strong>Meinekii</strong></span> <span class='ocrx_word' id='word_1_277' title='bbox 579 2213 623 2251; x_wconf 92' lang='lat' dir='ltr'><strong>et</strong></span> <span class='ocrx_word' id='word_1_278' title='bbox 677 2211 831 2251; x_wconf 88' lang='lat' dir='ltr'><strong>Kockii</strong></span> <span class='ocrx_word' id='word_1_279' title='bbox 888 2212 1179 2261; x_wconf 88' lang='lat' dir='ltr'><strong>coniecturas,</strong></span> <span class='ocrx_word' id='word_1_280' title='bbox 1237 2211 1378 2251; x_wconf 89' lang='lat' dir='ltr'><strong>multo</strong></span> <span class='ocrx_word' id='word_1_281' title='bbox 1433 2211 1550 2251; x_wconf 88' lang='lat' dir='ltr'><strong>enim</strong></span> <span class='ocrx_word' id='word_1_282' title='bbox 1602 2208 1872 2259; x_wconf 80' lang='lat' dir='ltr'><strong>probabilius</strong></span> <span class='ocrx_word' id='word_1_283' title='bbox 1917 2208 2026 2249; x_wconf 90' lang='lat' dir='ltr'><strong>haec</strong></span> 
     </span>
     <span class='ocr_line' id='line_1_31' title="bbox 320 2275 2023 2329; baseline -0.002 -10"><span class='ocrx_word' id='word_1_284' title='bbox 320 2281 372 2320; x_wconf 89' lang='lat' dir='ltr'><strong>de</strong></span> <span class='ocrx_word' id='word_1_285' title='bbox 418 2280 505 2319; x_wconf 88' lang='lat' dir='ltr'><strong>alia</strong></span> <span class='ocrx_word' id='word_1_286' title='bbox 550 2289 682 2328; x_wconf 90' lang='lat' dir='ltr'><strong>quam</strong></span> <span class='ocrx_word' id='word_1_287' title='bbox 724 2279 776 2319; x_wconf 91' lang='lat' dir='ltr'><strong>de</strong></span> <span class='ocrx_word' id='word_1_288' title='bbox 817 2289 866 2318; x_wconf 91' lang='lat' dir='ltr'><strong>se</strong></span> <span class='ocrx_word' id='word_1_289' title='bbox 907 2279 1001 2328; x_wconf 90' lang='lat' dir='ltr'><strong>ipso</strong></span> <span class='ocrx_word' id='word_1_290' title='bbox 1039 2280 1163 2329; x_wconf 87' lang='lat' dir='ltr'><strong>(ipsa)</strong></span> <span class='ocrx_word' id='word_1_291' title='bbox 1209 2279 1318 2319; x_wconf 86' lang='lat' dir='ltr'><strong>haec</strong></span> <span class='ocrx_word' id='word_1_292' title='bbox 1363 2278 1469 2319; x_wconf 89' lang='lat' dir='ltr'><strong>dicit</strong></span> <span class='ocrx_word' id='word_1_293' title='bbox 1513 2277 1587 2327; x_wconf 89' lang='lat' dir='ltr'><strong>qui</strong></span> <span class='ocrx_word' id='word_1_294' title='bbox 1632 2278 1772 2326; x_wconf 86' lang='lat' dir='ltr'><strong>(quae)</strong></span> <span class='ocrx_word' id='word_1_295' title='bbox 1818 2275 2023 2326; x_wconf 88' lang='lat' dir='ltr'><strong>loquitur.</strong></span> 
     </span>
     <span class='ocr_line' id='line_1_32' title="bbox 321 2343 2025 2397; baseline -0.002 -10"><span class='ocrx_word' id='word_1_296' title='bbox 321 2348 513 2397; x_wconf 88' lang='lat' dir='ltr'><strong>Scilicet,</strong></span> <span class='ocrx_word' id='word_1_297' title='bbox 549 2349 595 2387; x_wconf 90' lang='lat' dir='ltr'><strong>ut</strong></span> <span class='ocrx_word' id='word_1_298' title='bbox 627 2347 776 2386; x_wconf 88' lang='lat' dir='ltr'><strong>fumus</strong></span> <span class='ocrx_word' id='word_1_299' title='bbox 817 2356 840 2386; x_wconf 92' lang='lat' dir='ltr'><strong>e</strong></span> <span class='ocrx_word' id='word_1_300' title='bbox 882 2346 1074 2396; x_wconf 91' lang='lat' dir='ltr'><strong>camino,</strong></span> <span class='ocrx_word' id='word_1_301' title='bbox 1120 2347 1209 2387; x_wconf 88' lang='lat' dir='ltr'><strong>vini</strong></span> <span class='ocrx_word' id='word_1_302' title='bbox 1253 2356 1437 2397; x_wconf 79' lang='lat' dir='ltr'><strong>vapores</strong></span> <span class='ocrx_word' id='word_1_303' title='bbox 1477 2355 1534 2385; x_wconf 86' lang='lat' dir='ltr'><strong>ex</strong></span> <span class='ocrx_word' id='word_1_304' title='bbox 1575 2344 1683 2384; x_wconf 89' lang='lat' dir='ltr'><strong>ebrii</strong></span> <span class='ocrx_word' id='word_1_305' title='bbox 1713 2343 1816 2394; x_wconf 78' lang='lat' dir='ltr'><strong>gula</strong></span> <span class='ocrx_word' id='word_1_306' title='bbox 1846 2353 2025 2393; x_wconf 72' lang='lat' dir='ltr'><strong>surgere</strong></span> 
     </span>
     <span class='ocr_line' id='line_1_33' title="bbox 320 2410 2025 2464; baseline -0.001 -10"><span class='ocrx_word' id='word_1_307' title='bbox 320 2415 403 2454; x_wconf 88' lang='lat' dir='ltr'><strong>dici</strong></span> <span class='ocrx_word' id='word_1_308' title='bbox 451 2415 667 2455; x_wconf 86' lang='lat' dir='ltr'><strong>videntur.</strong></span> <span class='ocrx_word' id='word_1_309' title='bbox 703 2436 755 2441; x_wconf 98' lang='lat'><strong>—</strong></span> <span class='ocrx_word' id='word_1_310' title='bbox 790 2414 834 2452; x_wconf 88' lang='lat' dir='ltr'><strong>Si</strong></span> <span class='ocrx_word' id='word_1_311' title='bbox 881 2415 1036 2463; x_wconf 90' lang='lat' dir='ltr'><strong>poetae</strong></span> <span class='ocrx_word' id='word_1_312' title='bbox 1082 2414 1206 2454; x_wconf 84' lang='lat' dir='ltr'><strong>attici</strong></span> <span class='ocrx_word' id='word_1_313' title='bbox 1246 2415 1548 2464; x_wconf 82' lang='lat' dir='ltr'><strong>fragmentum</strong></span> <span class='ocrx_word' id='word_1_314' title='bbox 1590 2415 1678 2461; x_wconf 88' lang='lat' dir='ltr'><strong>est,</strong></span> <span class='ocrx_word' id='word_1_315' title='bbox 1718 2410 2025 2462; x_wconf 75' lang='lat' dir='ltr'><strong>corrigendum</strong></span> 
     </span>
     <span class='ocr_line' id='line_1_34' title="bbox 320 2482 523 2532; baseline 0.005 -13"><span class='ocrx_word' id='word_1_316' title='bbox 320 2482 523 2532; x_wconf 78' lang='grc' dir='ltr'><strong>πλεύμονι.</strong></span> 
     </span>
    </p>

    <p class='ocr_par' dir='ltr' id='par_1_16' title="bbox 264 2544 2074 2923">
     <span class='ocr_line' id='line_1_35' title="bbox 264 2544 2023 2600; baseline -0.001 -12"><span class='ocrx_word' id='word_1_317' title='bbox 264 2550 330 2588; x_wconf 81' lang='lat' dir='ltr'><strong>Fr.</strong></span> <span class='ocrx_word' id='word_1_318' title='bbox 363 2550 462 2589; x_wconf 89' lang='lat'><strong>635.</strong></span> <span class='ocrx_word' id='word_1_319' title='bbox 506 2548 693 2597; x_wconf 81' lang='lat' dir='ltr'><strong>corrigit</strong></span> <span class='ocrx_word' id='word_1_320' title='bbox 734 2547 972 2588; x_wconf 80' lang='lat' dir='ltr'><strong>Headlam:</strong></span> <span class='ocrx_word' id='word_1_321' title='bbox 1015 2545 1079 2586; x_wconf 76' lang='grc' dir='ltr'><strong>καὶ</strong></span> <span class='ocrx_word' id='word_1_322' title='bbox 1112 2544 1137 2598; x_wconf 81' lang='grc' dir='ltr'>ἡ</span> <span class='ocrx_word' id='word_1_323' title='bbox 1169 2546 1324 2599; x_wconf 79' lang='grc' dir='ltr'><strong>κωμικὴ</strong></span> <span class='ocrx_word' id='word_1_324' title='bbox 1364 2546 1600 2600; x_wconf 83' lang='grc' dir='ltr'><strong><em>βλασφημία</em></strong></span> <span class='ocrx_word' id='word_1_325' title='bbox 1631 2544 1668 2594; x_wconf 85' lang='grc' dir='ltr'><strong>(ὁ</strong></span> <span class='ocrx_word' id='word_1_326' title='bbox 1699 2545 1872 2599; x_wconf 71' lang='grc' dir='ltr'><strong>κωμικὸς</strong></span> <span class='ocrx_word' id='word_1_327' title='bbox 1903 2546 2023 2599; x_wconf 70' lang='grc' dir='ltr'><strong><em>βλασ-</em></strong></span> 
     </span>
     <span class='ocr_line' id='line_1_36' title="bbox 321 2612 2026 2671; baseline 0.001 -18"><span class='ocrx_word' id='word_1_328' title='bbox 321 2622 467 2666; x_wconf 82' lang='grc' dir='ltr'><strong>φημῶν</strong></span> <span class='ocrx_word' id='word_1_329' title='bbox 508 2615 588 2661; x_wconf 93' lang='lat' dir='ltr'><strong>Bl.)</strong></span> <span class='ocrx_word' id='word_1_330' title='bbox 634 2614 878 2665; x_wconf 79' lang='grc' dir='ltr'><strong>κενταύρους</strong></span> <span class='ocrx_word' id='word_1_331' title='bbox 921 2612 1053 2662; x_wconf 70' lang='grc' dir='ltr'><strong>ἔπαιζε</strong></span> <span class='ocrx_word' id='word_1_332' title='bbox 1093 2614 1186 2662; x_wconf 84' lang='grc' dir='ltr'><strong>τοὺς</strong></span> <span class='ocrx_word' id='word_1_333' title='bbox 1218 2614 1366 2671; x_wconf 72' lang='grc' dir='ltr'><strong>αἰσχρῷ</strong></span> <span class='ocrx_word' id='word_1_334' title='bbox 1398 2613 1511 2667; x_wconf 80' lang='grc' dir='ltr'><strong>ἔρωτι</strong></span> <span class='ocrx_word' id='word_1_335' title='bbox 1542 2619 1782 2662; x_wconf 79' lang='grc' dir='ltr'><strong>κεντοῦντας</strong></span> <span class='ocrx_word' id='word_1_336' title='bbox 1812 2618 2026 2666; x_wconf 75' lang='grc' dir='ltr'><strong>ταῦρον,</strong></span> 
     </span>
     <span class='ocr_line' id='line_1_37' title="bbox 323 2681 2022 2734; baseline -0.001 -12"><span class='ocrx_word' id='word_1_337' title='bbox 323 2685 456 2732; x_wconf 83' lang='lat' dir='ltr'><strong>recte,</strong></span> <span class='ocrx_word' id='word_1_338' title='bbox 505 2683 589 2721; x_wconf 86' lang='lat' dir='ltr'><strong>nisi</strong></span> <span class='ocrx_word' id='word_1_339' title='bbox 635 2682 747 2731; x_wconf 86' lang='lat' dir='ltr'><strong>quod</strong></span> <span class='ocrx_word' id='word_1_340' title='bbox 793 2683 1019 2731; x_wconf 86' lang='lat' dir='ltr'><strong>praeterea</strong></span> <span class='ocrx_word' id='word_1_341' title='bbox 1059 2691 1136 2731; x_wconf 89' lang='lat' dir='ltr'><strong>pro</strong></span> <span class='ocrx_word' id='word_1_342' title='bbox 1174 2687 1342 2734; x_wconf 82' lang='grc' dir='ltr'><strong>ταῦρον,</strong></span> <span class='ocrx_word' id='word_1_343' title='bbox 1383 2681 1479 2723; x_wconf 91' lang='lat' dir='ltr'><strong>coll.</strong></span> <span class='ocrx_word' id='word_1_344' title='bbox 1522 2681 1754 2722; x_wconf 84' lang='lat' dir='ltr'><strong>Eustathio</strong></span> <span class='ocrx_word' id='word_1_345' title='bbox 1790 2681 1918 2732; x_wconf 90' lang='lat'><strong>1980,</strong></span> <span class='ocrx_word' id='word_1_346' title='bbox 1955 2682 2022 2732; x_wconf 92' lang='lat'><strong>11,</strong></span> 
     </span>
     <span class='ocr_line' id='line_1_38' title="bbox 322 2745 2024 2799; baseline 0 -11"><span class='ocrx_word' id='word_1_347' title='bbox 322 2749 571 2799; x_wconf 76' lang='lat' dir='ltr'><strong>scripserim</strong></span> <span class='ocrx_word' id='word_1_348' title='bbox 603 2747 671 2788; x_wconf 80' lang='grc' dir='ltr'><strong>τὸν</strong></span> <span class='ocrx_word' id='word_1_349' title='bbox 701 2746 832 2798; x_wconf 84' lang='grc' dir='ltr'><strong>ὄρρον.</strong></span> <span class='ocrx_word' id='word_1_350' title='bbox 864 2748 1063 2788; x_wconf 87' lang='lat' dir='ltr'><strong>Pessima</strong></span> <span class='ocrx_word' id='word_1_351' title='bbox 1089 2750 1158 2788; x_wconf 88' lang='lat' dir='ltr'><strong>est</strong></span> <span class='ocrx_word' id='word_1_352' title='bbox 1183 2748 1335 2789; x_wconf 88' lang='lat' dir='ltr'><strong>Kockii</strong></span> <span class='ocrx_word' id='word_1_353' title='bbox 1362 2749 1612 2789; x_wconf 86' lang='lat' dir='ltr'><strong>coniectura</strong></span> <span class='ocrx_word' id='word_1_354' title='bbox 1636 2746 1777 2799; x_wconf 74' lang='grc' dir='ltr'><strong>ἔπληξε</strong></span> <span class='ocrx_word' id='word_1_355' title='bbox 1788 2757 1866 2798; x_wconf 91' lang='lat' dir='ltr'><strong>pro</strong></span> <span class='ocrx_word' id='word_1_356' title='bbox 1881 2745 2024 2796; x_wconf 68' lang='grc' dir='ltr'><strong>ἔπαιξε.</strong></span> 
     </span>
     <span class='ocr_line' id='line_1_39' title="bbox 324 2814 2026 2867; baseline 0.001 -12"><span class='ocrx_word' id='word_1_357' title='bbox 324 2816 384 2856; x_wconf 77' lang='lat' dir='ltr'><strong>Cf.</strong></span> <span class='ocrx_word' id='word_1_358' title='bbox 417 2815 566 2855; x_wconf 89' lang='lat' dir='ltr'><strong>Nauck</strong></span> <span class='ocrx_word' id='word_1_359' title='bbox 597 2815 624 2855; x_wconf 89' lang='lat' dir='ltr'><strong>l.</strong></span> <span class='ocrx_word' id='word_1_360' title='bbox 658 2816 684 2855; x_wconf 92' lang='grc'><strong>1.</strong></span> <span class='ocrx_word' id='word_1_361' title='bbox 718 2826 757 2864; x_wconf 68' lang='lat' dir='ltr'><strong>p,</strong></span> <span class='ocrx_word' id='word_1_362' title='bbox 796 2816 892 2854; x_wconf 88' lang='lat'><strong>165.</strong></span> <span class='ocrx_word' id='word_1_363' title='bbox 927 2815 1131 2855; x_wconf 89' lang='lat' dir='ltr'><strong>Fortasse</strong></span> <span class='ocrx_word' id='word_1_364' title='bbox 1163 2818 1313 2856; x_wconf 83' lang='lat' dir='ltr'><strong>tamen</strong></span> <span class='ocrx_word' id='word_1_365' title='bbox 1346 2818 1543 2866; x_wconf 87' lang='lat' dir='ltr'><strong>praestat</strong></span> <span class='ocrx_word' id='word_1_366' title='bbox 1572 2814 1725 2867; x_wconf 77' lang='grc' dir='ltr'><strong>ἔπαιξε,</strong></span> <span class='ocrx_word' id='word_1_367' title='bbox 1754 2824 1860 2856; x_wconf 85' lang='lat' dir='ltr'><strong>nam</strong></span> <span class='ocrx_word' id='word_1_368' title='bbox 1885 2814 2026 2856; x_wconf 86' lang='lat' dir='ltr'><strong>semel</strong></span> 
     </span>
     <span class='ocr_line' id='line_1_40' title="bbox 324 2872 2074 2923; baseline -0.001 -2"><span class='ocrx_word' id='word_1_369' title='bbox 324 2884 385 2923; x_wconf 81' lang='lat' dir='ltr'><strong>ita</strong></span> <span class='ocrx_word' id='word_1_370' title='bbox 418 2883 575 2923; x_wconf 86' lang='lat' dir='ltr'><strong>lusisse</strong></span> <span class='ocrx_word' id='word_1_371' title='bbox 608 2883 793 2922; x_wconf 88' lang='lat' dir='ltr'><strong>videtur.</strong></span> <span class='ocrx_word' id='word_1_372' title='bbox 2070 2872 2074 2876; x_wconf 72' lang='grc'><strong>’</strong></span> 
     </span>
    </p>

    <p class='ocr_par' dir='ltr' id='par_1_17' title="bbox 268 2950 842 2990">
     <span class='ocr_line' id='line_1_41' title="bbox 268 2950 842 2990; baseline -0.002 0"><span class='ocrx_word' id='word_1_373' title='bbox 268 2952 332 2990; x_wconf 89' lang='lat' dir='ltr'><strong>Fr.</strong></span> <span class='ocrx_word' id='word_1_374' title='bbox 367 2952 467 2990; x_wconf 86' lang='lat'><strong>689.</strong></span> <span class='ocrx_word' id='word_1_375' title='bbox 503 2950 655 2990; x_wconf 84' lang='lat' dir='ltr'><strong>Melius</strong></span> <span class='ocrx_word' id='word_1_376' title='bbox 687 2950 842 2990; x_wconf 88' lang='lat' dir='ltr'><strong>Cobet:</strong></span> 
     </span>
    </p>

    <p class='ocr_par' dir='ltr' id='par_1_18' title="bbox 325 3014 1660 3134">
     <span class='ocr_line' id='line_1_42' title="bbox 628 3014 1660 3069; baseline 0.001 -14"><span class='ocrx_word' id='word_1_377' title='bbox 628 3016 781 3064; x_wconf 84' lang='grc' dir='ltr'><strong>&lt;αὐτὸς</strong></span> <span class='ocrx_word' id='word_1_378' title='bbox 813 3016 1025 3057; x_wconf 84' lang='grc' dir='ltr'><strong>σε&gt;αυτὸν</strong></span> <span class='ocrx_word' id='word_1_379' title='bbox 1057 3016 1106 3057; x_wconf 82' lang='grc' dir='ltr'><strong>οὐ</strong></span> <span class='ocrx_word' id='word_1_380' title='bbox 1139 3016 1295 3068; x_wconf 80' lang='grc' dir='ltr'><strong>τρέφων</strong></span> <span class='ocrx_word' id='word_1_381' title='bbox 1326 3017 1452 3065; x_wconf 73' lang='grc' dir='ltr'><strong>κύνας</strong></span> <span class='ocrx_word' id='word_1_382' title='bbox 1483 3014 1660 3069; x_wconf 76' lang='grc' dir='ltr'><strong>τρέφειςς</strong></span> 
     </span>
     <span class='ocr_line' id='line_1_43' title="bbox 325 3084 1200 3134; baseline 0.002 -10"><span class='ocrx_word' id='word_1_383' title='bbox 325 3085 385 3124; x_wconf 77' lang='lat' dir='ltr'><strong>Cf.</strong></span> <span class='ocrx_word' id='word_1_384' title='bbox 420 3085 597 3134; x_wconf 85' lang='lat' dir='ltr'><strong>Diogen.</strong></span> <span class='ocrx_word' id='word_1_385' title='bbox 632 3085 756 3124; x_wconf 89' lang='lat' dir='ltr'><strong>Vind.</strong></span> <span class='ocrx_word' id='word_1_386' title='bbox 790 3085 809 3124; x_wconf 94' lang='grc' dir='ltr'><strong>Ι</strong></span> <span class='ocrx_word' id='word_1_387' title='bbox 842 3087 911 3125; x_wconf 88' lang='lat'><strong>93.</strong></span> <span class='ocrx_word' id='word_1_388' title='bbox 945 3084 1094 3125; x_wconf 88' lang='lat' dir='ltr'><strong>Nauck</strong></span> <span class='ocrx_word' id='word_1_389' title='bbox 1126 3085 1200 3126; x_wconf 91' lang='lat' dir='ltr'><strong>l.l.</strong></span> 
     </span>
    </p>

    <p class='ocr_par' dir='ltr' id='par_1_19' title="bbox 271 3146 2023 3206">
     <span class='ocr_line' id='line_1_44' title="bbox 271 3146 2023 3206; baseline 0.002 -17"><span class='ocrx_word' id='word_1_390' title='bbox 271 3152 333 3190; x_wconf 74' lang='lat' dir='ltr'><strong>Fr.</strong></span> <span class='ocrx_word' id='word_1_391' title='bbox 368 3155 467 3192; x_wconf 85' lang='lat'><strong>640.</strong></span> <span class='ocrx_word' id='word_1_392' title='bbox 510 3147 698 3203; x_wconf 72' lang='grc' dir='ltr'><strong>ἔπικάρσί</strong></span> <span class='ocrx_word' id='word_1_393' title='bbox 732 3146 807 3191; x_wconf 82' lang='grc' dir='ltr'><strong>ὦδε</strong></span> <span class='ocrx_word' id='word_1_394' title='bbox 849 3151 933 3198; x_wconf 86' lang='lat' dir='ltr'><strong>(vel</strong></span> <span class='ocrx_word' id='word_1_395' title='bbox 966 3149 1060 3202; x_wconf 78' lang='grc' dir='ltr'><strong>ἤδη)</strong></span> <span class='ocrx_word' id='word_1_396' title='bbox 1097 3156 1398 3203; x_wconf 80' lang='grc' dir='ltr'><strong>προσπεσοῦμαι</strong></span> <span class='ocrx_word' id='word_1_397' title='bbox 1439 3157 1526 3206; x_wconf 76' lang='grc' dir='ltr'><strong>(τῷ</strong></span> <span class='ocrx_word' id='word_1_398' title='bbox 1558 3150 1699 3201; x_wconf 76' lang='grc' dir='ltr'><strong>ξίφει&gt;</strong></span> <span class='ocrx_word' id='word_1_399' title='bbox 1739 3150 1928 3192; x_wconf 78' lang='lat' dir='ltr'><strong>coniecit</strong></span> <span class='ocrx_word' id='word_1_400' title='bbox 1956 3151 2023 3193; x_wconf 81' lang='lat' dir='ltr'><strong>Bi.</strong></span> 
     </span>
    </p>

    <p class='ocr_par' dir='ltr' id='par_1_20' title="bbox 327 3218 1584 3271">
     <span class='ocr_line' id='line_1_45' title="bbox 327 3218 1584 3271; baseline 0 -14"><span class='ocrx_word' id='word_1_401' title='bbox 327 3220 383 3257; x_wconf 75' lang='lat' dir='ltr'><strong>At</strong></span> <span class='ocrx_word' id='word_1_402' title='bbox 415 3219 495 3258; x_wconf 87' lang='lat' dir='ltr'><strong>dici</strong></span> <span class='ocrx_word' id='word_1_403' title='bbox 529 3219 643 3259; x_wconf 84' lang='lat' dir='ltr'><strong>solet</strong></span> <span class='ocrx_word' id='word_1_404' title='bbox 673 3218 920 3268; x_wconf 80' lang='grc' dir='ltr'><strong>περιπίπτειν</strong></span> <span class='ocrx_word' id='word_1_405' title='bbox 953 3223 1004 3271; x_wconf 81' lang='grc' dir='ltr'><strong>τῷ</strong></span> <span class='ocrx_word' id='word_1_406' title='bbox 1036 3218 1158 3269; x_wconf 81' lang='grc' dir='ltr'><strong>ξίφει,</strong></span> <span class='ocrx_word' id='word_1_407' title='bbox 1190 3228 1277 3259; x_wconf 87' lang='lat' dir='ltr'><strong>non</strong></span> <span class='ocrx_word' id='word_1_408' title='bbox 1309 3218 1584 3270; x_wconf 79' lang='grc' dir='ltr'><strong>προσπίπτειν.</strong></span> 
     </span>
    </p>
   </div>
  </div>
 </body>
</html>
