2216 3522
1019 256 1075 297 97

225 374 342 418 ποτ’.
375 401 429 408 -
460 379 534 419 Vs.
567 381 608 420 4.
639 380 836 429 Reliquis
876 381 1040 421 criticis
1074 382 1234 422 melius
1274 383 1429 423 Kaibel
1470 384 1662 423 correxit
1699 381 1930 436 Λαγίσκ’,

229 442 388 497 ἤνθει
418 445 530 486 τότε
560 445 635 486 κτὲ.

170 513 238 554 Fr.
274 514 345 569 10,
378 515 415 554 1.
452 514 594 555 Verba
634 516 948 558 obscurissima
987 516 1267 566 interpretari
1309 521 1491 559 conatur
1522 519 1662 569 Kock,
1696 520 1929 560 emendare

227 582 416 631 Blaydes
431 593 676 633 proponens
691 580 723 636 γ’
742 582 952 636 ἐγελῶμεν,
967 594 1051 632 quo
1068 594 1155 624 non
1172 584 1282 625 fiunt
1297 586 1520 627 lucidiora.
1540 609 1592 614 ——
1606 587 1681 627 Vs.
1701 588 1740 627 2.
1758 588 1804 627 L.
1821 581 1931 640 ηὗρε.

171 649 238 689 Fr.
276 651 342 690 11.
389 649 586 702 βρέτας·
633 649 654 690 ὁ
700 649 956 701 ἀναίσθητος.
1013 652 1176 693 Eadem
1221 655 1530 705 translatione,
1578 666 1664 704 qua
1708 656 1928 696 interdum

229 715 385 770 ἄγαλμα
416 721 462 759 et
491 719 611 767 ξύλον
644 721 689 759 et
718 719 856 759 latine
887 720 1086 769 stipes.

172 785 240 825 Fr.
277 786 344 835 15,
378 787 417 826 3.
451 785 654 829 ἒν<δον>
691 788 774 837 Β1.,
808 788 921 835 quod
953 798 1040 827 non
1072 789 1183 827 satis
1214 789 1438 839 intellego.

170 852 238 893 Fr.
274 854 340 903 17,
359 855 399 893 4.
430 855 682 904 Improbata
703 855 858 894 Kockii
877 855 1126 895 coniectura
1152 857 1195 896 in
1221 867 1283 897 ve.
1299 859 1340 908 3,
1370 856 1458 905 θεὶς
1474 858 1706 908 aliquando
1723 870 1799 908 pro
1817 853 1930 898 τοῦθ’

229 923 413 971 conieci,
454 923 599 962 deleta
640 923 810 972 virgula
849 925 1109 973 anteposita.
1152 926 1242 964 Aut
1282 926 1363 966 hoc
1403 927 1676 975 probandum
1713 929 1839 976 putat
1868 928 1932 967 Bl.

229 991 307 1028 aut
336 991 632 1038 reponendum
663 985 755 1039 εἶθ’,
787 992 833 1030 at
865 992 977 1030 scire
1009 992 1162 1040 velim,
1206 1003 1289 1041 quo
1329 1003 1475 1033 sensu.
1519 995 1563 1034 Si
1609 996 1743 1035 verba
1773 996 1936 1035 tradita

228 1066 338 1097 sana
382 1060 503 1107 sunt,
553 1059 795 1108 corrigatur
840 1059 1001 1098 saltem
1045 1060 1110 1099 sic
1156 1061 1471 1111 interpunctio,
1519 1066 1569 1102 ut
1609 1065 1711 1112 post
1750 1066 1934 1102 πλουτεῖν

235 1129 422 1176 ponatur
452 1128 680 1176 punctum,
714 1127 791 1166 sed
823 1137 975 1166 vereor
1003 1129 1054 1167 ut
1084 1128 1167 1168 hoc
1196 1128 1400 1169 sufficiat.

118 1182 127 1191 ’
169 1198 238 1237 Fr.
275 1197 342 1235 18.
375 1195 470 1234 Non
501 1194 617 1233 male
647 1194 712 1233 Bl.
745 1192 962 1245 ἀναλαβὼν
990 1195 996 1245 Ι
1023 1194 1227 1245 μόναυλον
1257 1195 1331 1235 κτὲ.

50 1573 115 1722 <³1

170 1265 238 1305 Fr.
272 1265 341 1312 27,
379 1264 416 1302 1.
451 1263 531 1301 Pro
565 1263 686 1301 varia
710 1262 897 1302 lectione
922 1263 1206 1311 κορακινιδίοις
1234 1264 1297 1304 Bl.
1325 1265 1451 1304 affert
1478 1266 1677 1306 Pherecr.
1696 1267 1855 1306 11274.
1877 1289 1930 1295 —

228 1333 303 1372 Vs.
345 1333 385 1370 4.
444 1329 708 1380 σκινδαρίοις,
751 1331 914 1379 ignotis
961 1331 1135 1371 aliunde
1176 1333 1380 1381 piscibus.
1422 1334 1486 1373 Bl.
1529 1333 1692 1373 Contra
1737 1337 1930 1374 metrum

227 1400 430 1451 proponit
470 1398 744 1450 σηπιδαρίοις,
790 1408 871 1438 nec
914 1399 1227 1448 probabiliores
1266 1403 1372 1439 sunt
1412 1402 1607 1441 eiusdem
1655 1403 1932 1442 coniecturae

229 1468 441 1518 μαινιδίων
473 1469 549 1507 aut
578 1466 794 1506 τευθιδίων
825 1476 902 1516 pro
931 1467 1144 1518 κωβιδίων.
1176 1469 1330 1508 Melius
1358 1469 1551 1509 Meineke
1576 1469 1806 1521 καρκινίων,
1831 1470 1935 1510 licet

229 1537 332 1586 quid
365 1546 520 1575 verum
551 1535 611 1574 sit
641 1534 793 1574 lateat.
1387 1549 1389 1552 ·

171 1605 238 1644 Fr.
273 1590 342 1667 29.
376 1604 415 1642 2.
459 1601 547 1650 ἐξὸν
586 1599 796 1641 τοσουτουὶ
838 1597 911 1640 δύ’
958 1599 1195 1653 ἀγάλματ’
1231 1601 1445 1654 ἀγοράσαις
1476 1604 1767 1644 Numerorum
1799 1616 1934 1645 causa

230 1672 349 1711 Kock
392 1670 577 1710 coniecit
619 1665 687 1708 δύ’
732 1667 893 1721 ἀγέλας,
933 1670 1045 1718 quod
1077 1671 1141 1710 ita
1170 1673 1346 1710 tantum
1379 1682 1533 1711 verum
1566 1682 1664 1712 esse
1695 1674 1860 1722 potest,
1892 1674 1931 1712 si

232 1751 294 1780 vs.
342 1740 500 1779 tertius
546 1738 797 1778 ordiebatur
835 1748 862 1777 a
901 1738 1020 1788 βοῶν.
1067 1738 1315 1787 Numquam
1360 1740 1477 1779 enim
1519 1750 1569 1779 eo
1601 1750 1734 1780 sensu
1766 1741 1931 1780 nudum

230 1808 421 1858 reperies
452 1807 559 1846 illud
589 1806 942 1854 substantivum,
976 1806 1014 1844 si
1046 1806 1219 1854 quidem
1253 1807 1305 1846 de
1337 1808 1456 1846 omni
1486 1808 1743 1848 animalium
1776 1819 1934 1857 genere

230 1875 537 1925 usurpabatur.
580 1874 625 1912 Si
664 1883 822 1913 sanum
864 1875 933 1912 est
962 1871 1184 1925 ἀγάλματα,
1224 1874 1288 1913 ita
1328 1874 1392 1913 uti
1422 1875 1567 1923 possis
1607 1875 1720 1914 falsa
1749 1875 1933 1915 Dobraei

231 1944 497 1991 coniectura,
556 1944 605 1981 ut
660 1941 878 1980 scribatur
932 1941 1069 1992 λαβεῖν
1124 1937 1188 1980 δύ’
1239 1939 1461 1992 ἀγάλματας
1507 1942 1619 1991 quod
1667 1943 1706 1980 si
1752 1953 1928 1992 verum,

229 2009 422 2063 ἀγοράσαι
452 2011 521 2050 est
566 2009 836 2058 glossatoris.
882 2008 991 2048 Male
1021 2019 1155 2048 sanae
1187 2009 1361 2048 critices
1391 2009 1504 2049 foret
1534 2010 1800 2049 substituere
1832 2020 1931 2050 curn

228 2079 294 2119 Bl.
326 2074 389 2118 δύ’
425 2076 583 2124 ἵππους.
615 2077 715 2118 Alia
746 2077 830 2116 vid.
863 2077 977 2126 apud
1003 2077 1163 2126 ipsum.

169 2146 239 2187 Fr.
272 2147 342 2195 30,
379 2146 416 2186 1.
458 2156 535 2196 pro
576 2144 722 2196 τμητὸν
763 2145 967 2194 proposui
1012 2147 1197 2195 θνητοῖς,
1243 2145 1490 2194 improbata
1537 2145 1731 2184 violenta
1776 2145 1930 2184 Kockii

229 2213 496 2261 coniectura;
547 2213 782 2252 violent-ius
817 2213 954 2251 etiam
995 2215 1063 2251 est
1099 2214 1143 2251 et
1172 2212 1225 2251 ob
1256 2212 1545 2260 tautologiam
1577 2213 1773 2261 ineptum
1805 2213 1928 2261 Blay-

230 2281 339 2320 desii
379 2282 606 2319 tentamen
639 2276 846 2325 πολυτελὲς
877 2277 942 2317 καὶ
974 2279 1125 2329 τίμιον;
1161 2280 1234 2328 qui
1266 2290 1329 2318 vs.
1363 2281 1389 2318 4
1422 2280 1610 2319 fortasse
1640 2282 1758 2319 recte
1789 2282 1926 2319 trans-

231 2347 478 2397 ponendum
519 2348 645 2396 putat
684 2346 813 2385 πάντα
853 2345 967 2386 τόνδε
1005 2345 1074 2385 τὸν
1103 2345 1246 2394 τόπον,
1285 2346 1398 2395 quod
1430 2348 1547 2386 certe
1584 2348 1854 2394 consuetius,
1885 2348 1930 2386 et

231 2426 331 2455 cum
362 2415 529 2454 Nabero
560 2414 792 2463 legendum
820 2424 916 2454 esse
947 2419 1134 2462 κατοικῶ,
1164 2414 1367 2462 quamvis
1398 2413 1656 2462 obloquente
1686 2414 1864 2453 Kockio.

174 2483 241 2522 Fr.
275 2483 344 2531 33,
378 2484 417 2522 6.
451 2478 648 2521 κατακάετ’
684 2484 935 2530 corruptum
968 2491 1065 2520 esse
1098 2481 1207 2520 vidit
1235 2481 1370 2520 Kock.
1402 2481 1495 2520 Non
1522 2479 1684 2520 sufficit
1710 2481 1928 2530 Blaydesii

233 2551 483 2590 coniectura
520 2547 705 2600 κέχηνεν,
745 2559 830 2589 non
874 2550 992 2588 enim
1035 2547 1096 2586 ἐπὶ
1138 2546 1209 2597 τὴν
1250 2546 1482 2598 μαγειρικὴν
1511 2547 1648 2598 κέχηνε
1679 2546 1725 2586 τὰ
1757 2547 1928 2597 στόματα

231 2622 310 2656 τῶν
337 2615 556 2668 νεωτέρων,
582 2617 658 2661 sed
684 2614 747 2655 ἐπὶ
772 2615 819 2655 τὰ
844 2616 967 2664 σιτία,
998 2619 1045 2655 ut
1071 2616 1280 2663 arbitror;
1309 2626 1442 2664 quare
1468 2616 1505 2654 si
1531 2616 1621 2657 tale
1644 2616 1743 2664 quid
1772 2615 1927 2664 lateat,

232 2687 459 2734 praeterea
490 2694 553 2724 vs.
587 2686 612 2724 5
644 2684 919 2723 scribendum
947 2684 1006 2723 sit
1033 2681 1117 2722 διὰ
1142 2682 1247 2730 τίνα,
1273 2683 1382 2731 quod
1410 2683 1543 2722 etiam
1571 2683 1732 2730 requiri
1758 2682 1929 2721 videtur

231 2754 406 2801 propter
452 2752 585 2797 verba
625 2751 854 2799 sequentia
900 2749 924 2801 ἢ
954 2749 960 2799 Ι
988 2748 1167 2800 ὠθισμὸς
1201 2773 1253 2778 -
1287 2753 1514 2797 καταπιεῖν,
1548 2772 1600 2778 -
1636 2750 1709 2788 Vs.
1758 2750 1797 2788 7.
1846 2749 1929 2789 Pro

231 2819 468 2869 depravato
519 2817 790 2857 δακτύλων
839 2818 1050 2857 violenter
1090 2818 1209 2856 Kock
1252 2816 1490 2868 γαστρίδων,
1529 2816 1672 2856 lenius
1712 2814 1929 2862 δαιταλέων

232 2887 416 2927 coniecit
447 2886 525 2934 BL,
558 2886 634 2925 sed
667 2886 710 2924 in
744 2886 835 2935 ipso
868 2885 1077 2925 vocabulo
1108 2885 1287 2934 fallitur,
1320 2895 1404 2933 quo
1432 2894 1517 2923 non
1544 2884 1626 2922 nisi
1654 2883 1705 2923 de
1730 2883 1931 2922 convivis

229 2954 317 2993 illis
348 2954 391 2993 in
423 2954 624 2993 Herculis
654 2954 754 2993 fano
789 2954 1068 3003 epulantibus
1104 2953 1399 2992 Athenienses
1430 2951 1679 2990 utebantur.
1708 2950 1927 2999 Corrigen-

232 3022 336 3061 dum
379 3020 731 3071 δαιτυμόνων,
780 3021 910 3070 quod,
955 3021 1056 3060 licet
1106 3021 1272 3059 ionicae
1314 3021 1358 3058 et
1398 3020 1546 3068 epicae
1578 3019 1637 3057 sit
1668 3018 1871 3066 originis,
1906 3028 1928 3056 e

233 3089 372 3137 poetis
403 3088 582 3127 comicis
614 3087 813 3128 adhibuit
845 3088 991 3127 Strato
1024 3087 1082 3126 IV
1113 3089 1197 3126 545
1216 3087 1289 3135 M.,
1319 3096 1341 3125 e
1367 3085 1642 3135 pedestribus
1669 3085 1791 3124 Plato
1824 3084 1928 3134 Rep.

234 3156 252 3194 I
285 3154 433 3195 3450.
464 3176 516 3183 ·—-
545 3155 619 3195 VS.
656 3156 723 3195 10.
755 3155 811 3202 τίς
842 3152 885 3194 δὲ
918 3154 1151 3193 συνδειπνεῖ
1170 3154 1324 3205 βροτῶν
1351 3150 1356 3196 Ι
1386 3151 1588 3203 φρυκτοὺς
1619 3149 1929 3202 καταλαβὼν

233 3220 259 3274 ἢ
303 3221 541 3272 κορακίνους
587 3219 779 3269 ὠνίους
815 3220 822 3273 Ι
858 3219 884 3273 ἢ
925 3218 1097 3272 μαινίδ’;
1151 3220 1231 3260 Vix
1282 3219 1445 3259 sufficit
1485 3219 1668 3259 editoris
1720 3219 1929 3258 correctio

232 3288 449 3341 λαβόντι
490 3290 531 3336 (i.
564 3300 601 3330 e.
642 3287 858 3345 πριαμένῳ)
900 3288 985 3339 καὶ,
1035 3299 1138 3328 nam
1190 3287 1381 3337 pessime
1427 3287 1489 3326 ita
1530 3286 1720 3325 abundat
1766 3282 1928 3332 ὠνίους,

1768 3354 1786 3382 7
