2216 3522
1079 197 1163 238 140

294 322 398 361 iecit
436 322 610 361 κελεύσει
642 344 695 351 -
728 321 848 373 αὐτή,
887 325 1101 373 sponte.
1146 343 1196 350 —
1240 321 1314 361 Vs.
1355 322 1394 361 7.
1434 320 1645 370 Proposui
1686 317 2001 367 ἀναλςίσ>τοις

296 389 559 439 insulsis,
602 390 646 429 et
686 390 840 430 eadem
880 400 1012 439 opera
1052 389 1222 430 correxi
1264 388 1467 438 Hippocr.
1510 387 1552 427 11
1593 387 1679 428 373
1710 386 1848 438 Erm.,
1889 396 2001 437 quae

294 457 504 497 correctio
534 457 586 497 de
618 467 738 497 more
764 458 895 498 latuit
925 457 1224 507 Blaydesium.
1257 456 1449 507 Vulgata
1472 455 1602 496 lectio
1628 452 1831 504 ἀνάλτοις,
1860 454 2001 495 insa·
2043 441 2053 453 ’

296 524 617 575 tiabilibus,
659 525 847 565 absurda
880 527 962 566 est.

237 592 304 632 Fr.
342 593 408 642 15,
443 592 482 631 2.
523 590 722 643 ἔμφρονος
760 591 901 644 λόγου,
941 592 1184 633 adversarii
1226 591 1320 632 scil.
1369 590 1480 631 Male
1517 592 1630 630 λαλεῖ
1661 589 1727 630 ΒΙ.
1763 611 1816 619 -
1849 588 1924 630 Vs.
1958 589 1999 631 2.

295 662 444 709 κομπεῐ
469 681 524 686 ·-
556 659 716 710 νηπίοις
747 662 866 700 recte
898 660 1131 701 Headlam.
1168 682 1221 689 —-
1253 658 1330 700 VS.
1361 660 1388 699 4
1422 656 1697 698 insanabilis.

236 726 304 766 Fr.
343 727 408 776 16,
442 727 482 776 2,
515 726 628 776 Lege
658 727 885 778 καθηῦδον.
904 749 957 756 ——
986 727 1060 768 Vs.
1088 728 1129 767 3.
1162 725 1322 774 ἔπνιξεν
1353 726 1519 776 optime
1551 724 1758 765 Meineke.
1781 745 1833 753 —
1856 722 1932 765 Vs.
1958 723 2002 764 4.

296 793 475 834 Crusius
506 792 708 846 ἐφερόμην
737 794 836 846 πρὸς
872 793 1021 837 <τὸν>
1058 795 1206 834 Δίωνα.
1239 793 1395 834 Melius
1426 792 1636 834 Meineke.

239 862 306 901 Fr.
344 862 409 901 17.
443 862 507 902 Bl.
540 860 672 909 <ὧς>
710 862 892 915 μεγάλοις
923 859 1159 914 ἡδομένους.
1193 861 1287 901 Non
1319 860 1542 910 intellego.

239 929 305 969 Fr.
344 929 409 980 18,
443 930 484 969 3.
526 925 607 968 κατ’
641 926 741 969 ὀκτὼ
772 930 869 970 sine
900 939 1033 970 causa
1063 929 1128 969 Bl.
1161 928 1359 978 Utraque
1391 927 1658 978 praepositio
1689 927 1841 968 eodem
1873 935 2006 967 sensu

296 997 537 1038 adhibetur.
575 1020 627 1026 —
660 997 734 1038 Vs.
767 998 807 1038 4.
841 996 1017 1048 μαλάξας
1049 996 1101 1037 de
1133 996 1244 1037 vitio
1274 995 1385 1035 mihi
1416 995 1674 1045 suspectum
1706 995 1788 1035 est.

238 1064 306 1104 Fr.
340 1065 409 1114 20,
448 1066 483 1104 1.
532 1065 741 1114 Proposui
781 1065 888 1105 olim
929 1063 1143 1115 παράξω
1190 1063 1481 1110 (inducam)
1515 1083 1571 1090 -
1613 1060 1777 1114 φράσαι.
1825 1059 2007 1102 Inutilla

297 1142 413 1172 nunc
443 1132 607 1183 profert
638 1132 702 1172 Bl.

237 1200 307 1239 Fr.
341 1199 410 1249 22,
444 1200 484 1239 8.
532 1199 686 1240 Kockii
731 1199 1030 1240 dubitationes
1070 1200 1123 1239 de
1162 1204 1298 1251 χρῶμα
1340 1207 1479 1238 vanas
1509 1206 1608 1237 esse
1640 1197 1814 1237 ostendi
1844 1196 2005 1237 linem.

298 1267 405 1307 Nov.
452 1267 553 1306 XIV
603 1268 700 1307 192.
749 1266 811 1308 cf.
859 1267 982 1308 Kock
1029 1267 1093 1307 111
1135 1268 1234 1307 747.
1281 1265 1515 1315 Reliquum
1564 1274 1743 1305 versum
1790 1263 2006 1305 violenter

298 1335 444 1373 tentat
473 1334 538 1374 Bl.

239 1402 307 1442 Fr.
342 1402 410 1451 23,
445 1402 484 1442 4.
517 1407 564 1457 τῇ
595 1405 706 1457 θυρᾷ
736 1402 801 1442 Bl.
835 1404 879 1442 et
909 1402 962 1442 fr.
996 1403 1051 1442 24
1089 1404 1258 1442 temere
1289 1395 1341 1452 ἧν
1372 1410 1450 1451 pro
1481 1399 1550 1440 ὥν.

240 1470 307 1509 Fr.
343 1470 411 1519 27,
446 1470 486 1509 5.
519 1470 636 1510 male
667 1466 760 1525 τῷδ’
795 1480 873 1519 pro
903 1476 956 1524 τῷ
989 1466 1024 1509 δ’
1062 1470 1142 1520 BL,
1175 1470 1318 1510 denuo
1349 1468 1621 1509 confundens
1652 1466 1720 1507 ὅδε
1750 1469 1795 1508 et
1825 1461 1952 1515 οὗτος.

240 1537 307 1576 Er.
342 1537 485 1586 28,1.
518 1532 643 1577 ἐνίοθ’
678 1538 839 1577 iniuria
870 1537 1091 1587 quondam
1124 1538 1299 1577 tutatus
1330 1546 1444 1577 sum.

240 1606 308 1645 Fr.
342 1606 411 1654 31,
448 1606 487 1645 2.
521 1605 791 1646 coniecturis
824 1605 1042 1646 Headlam
1075 1605 1243 1645 addidit
1274 1603 1441 1656 ἐχθρῶν.

242 1674 308 1713 Fr
344 1674 413 1723 34,
449 1674 488 1712 2.
523 1673 587 1713 Bl.
620 1673 749 1713 malit
780 1667 896 1720 οὗτος
929 1673 997 1720 (cf.
1029 1673 1081 1713 fr.
1115 1673 1185 1723 35,
1221 1673 1246 1712 2
1278 1675 1381 1722 sq.;)
1425 1671 1679 1721 improbans
1719 1670 1873 1711 Kockii
1910 1679 2006 1711 con·

300 1740 514 1780 iecturam
547 1741 621 1781 eft.
649 1741 810 1790 Phryn.
839 1741 880 1780 ΙΙ
907 1740 1264 1791 6033Eupol.11
1290 1741 1391 1781 467.
1420 1741 1521 1780 471.
1540 1740 1650 1788 577;
1677 1739 1752 1779 Ar.
1779 1738 1854 1788 Εσ.
1875 1737 2006 1779 1804.

300 1808 400 1857 Ipse
430 1810 598 1848 temere
630 1811 679 1848 ut
710 1809 910 1858 spurium
942 1809 1126 1849 damnat
1158 1819 1223 1848 vs.
1258 1808 1299 1848 3.

241 1876 309 1915 Fr.
342 1876 412 1924 35,
451 1877 487 1915 1.
535 1876 671 1916 Poeta
712 1886 883 1916 memor
923 1876 1007 1916 fuit
1047 1876 1140 1917 noti
1177 1885 1333 1916 versus
1363 1874 1570 1915 Hesiodei
1602 1874 1679 1925 Op.
1713 1874 1800 1915 686
1831 1872 2009 1926 χρήματα

299 1940 373 1995 γὰρ
405 1941 515 1994 ψυχὴ
545 1941 699 1982 πέλεται
732 1943 894 1983 δειλοῖσι
925 1943 1149 1995 βροτοῖσιν,
1188 1952 1321 1992 quam
1353 1952 1446 1983 rem
1478 1941 1543 1982 Bl.
1577 1941 1704 1982 video
1735 1940 2006 1982 animadver-

299 2010 422 2049 tisse.
452 2033 505 2038 —
533 2010 606 2050 Vs.
641 2011 681 2051 8.
714 2010 947 2061 Eleganter
978 2010 1128 2051 Nauck
1159 2010 1337 2060 corrigit
1367 2009 1712 2059 transponendo:

659 2073 776 2125 οὗτος
809 2076 1015 2129 τεθνηκὼς
1046 2080 1258 2130 περιπατεῖ
1282 2077 1441 2125 ζώντων
1471 2074 1579 2128 μέτα.

299 2145 421 2186 Idem
454 2155 517 2186 vs.
553 2146 578 2185 2
626 2143 875 2185 ἐσπούδακεν
918 2145 1106 2186 coniecit
1146 2155 1222 2195 pro
1265 2143 1464 2196 ἐκτήσατο.
1507 2143 1590 2184 Sed
1621 2143 1799 2194 saepius
1830 2140 1933 2195 ἔχειν
1964 2143 2011 2183 et

300 2215 472 2251 κτᾶσθαι
513 2213 753 2262 iunguntur
792 2223 833 2253 v.
866 2222 901 2253 c.
945 2222 971 2252 a
1012 2212 1227 2263 Sophocle
1268 2213 1371 2252 Ant.
1419 2212 1532 2251 1279
1574 2209 1673 2263 ἔχων
1706 2223 1745 2250 τε
1775 2208 1843 2250 καὶ
1873 2222 2011 2261 κεκτη-

301 2278 430 2330 μένος.
472 2279 534 2320 Cf.
577 2279 761 2320 Dindori'
799 2281 843 2320 in
879 2279 1093 2320 Thesauri
1125 2280 1211 2320 vol.
1244 2279 1303 2319 IV
1333 2289 1374 2330 p.
1409 2279 1540 2319 2026.
1582 2278 1671 2319 Nec
1703 2277 1828 2318 video
1859 2275 2011 2327 quidni

302 2347 343 2387 h.
375 2347 404 2387 l.
446 2349 563 2387 recte
609 2347 774 2387 dictum
815 2348 894 2388 sit:
938 2347 1200 2397 quisquis
1242 2347 1294 2387 id
1326 2348 1591 2397 (argentum)
1633 2354 1810 2395 neque
1840 2343 2012 2386 habet

301 2424 474 2463 neque
506 2414 747 2464 paravit.
781 2414 962 2455 Accedit
992 2415 1254 2455 mutationis
1284 2414 1494 2465 gravitas.

244 2481 311 2520 Fr.
345 2482 415 2531 37,
450 2482 489 2521 2.
523 2482 656 2523 Recte
688 2483 905 2532 Meineke;
939 2481 1190 2535 ὀψαρτυσίαν
1221 2483 1316 2523 sine
1347 2492 1480 2523 causa
1510 2482 1575 2523 Bl.

245 2611 485 2656 Xenarchi
518 2615 569 2655 fr.
607 2617 643 2665 1,
677 2617 717 2657 8.
767 2612 804 2656 δ’
850 2626 928 2667 pro
970 2613 995 2655 τ’
1032 2616 1097 2657 Bl.
1135 2618 1179 2657 et
1219 2626 1285 2656 vs.
1318 2618 1346 2656 4
1387 2612 1502 2655 κούδ’
1550 2613 1590 2667 δ,
1633 2615 1711 2656 sed
1748 2613 1934 2655 articulo
1964 2612 2010 2654 in

304 2682 539 2722 manifesta
585 2683 764 2732 parodia
811 2684 979 2734 tragica
1024 2694 1110 2724 non
1157 2693 1282 2733 opus.
1341 2682 1404 2723 Cf.
1454 2681 1596 2733 δόμος,
1641 2680 1840 2733 ἀλάστωρ,
1884 2674 2013 2731 οἶκος,

303 2749 447 2800 βολβός
474 2751 555 2790 etc.
579 2750 701 2791 Idem
730 2751 848 2791 valet
873 2751 926 2792 de
953 2751 1151 2792 eiusdem
1179 2751 1432 2791 coniectura
1457 2746 1494 2789 δ’
1525 2747 1546 2790 δ
1573 2760 1638 2790 vs.
1659 2751 1698 2801 7,
1724 2749 1802 2790 sed
1823 2748 2012 2790 fortasse

304 2820 418 2857 recte
450 2819 634 2859 coniecit
665 2818 814 2859 πόντου
851 2816 966 2862 <’ν>
1002 2822 1048 2860 et
1078 2829 1143 2860 vs.
1177 2819 1204 2859 8
1238 2819 1346 2859 bene
1377 2818 1510 2859 deleri
1543 2818 1673 2858 iussit
1705 2816 1938 2867 virgulam.

247 2885 312 2924 Fr.
347 2885 371 2924 2
406 2885 468 2925 ΒῙ.
497 2884 660 2926 διέσεισέ
684 2900 731 2937 με
758 2889 834 2927 aut
861 2885 1074 2937 κατέσεισε,
1099 2886 1195 2927 coll.
1229 2886 1415 2927 Philem.
1448 2885 1507 2925 IV
1534 2886 1604 2926 29.
1634 2883 1832 2926 Menand.
1858 2882 2012 2924 IV-''Iss-

306 2952 386 2991 Sed
435 2953 487 2992 cr.
535 2953 721 2994 latinum
769 2957 1086 2995 concutere.
1136 2954 1258 2994 Idem
1305 2955 1474 2994 temere
1521 2963 1586 2994 vs.
1629 2953 1656 2993 4
1697 2962 1762 3002 sq.
1810 2949 2014 3002 proponit

305 3019 460 3069 τάχιστά
492 3034 538 3069 με
559 3043 610 3049 -
640 3019 691 3068 ὡς
720 3019 826 3076 ὁρᾷς.
861 3044 914 3051 -
952 3021 1024 3063 VS.
1059 3023 1100 3062 5.
1130 3021 1345 3062 Headlam
1372 3018 1574 3060 ἀπώλεσεν
1601 3017 1732 3072 ἄρδην
1756 3028 1833 3070 pro
1858 3016 2013 3069 ναύτην

308 3087 468 3126 melius
501 3098 631 3137 quam
668 3089 788 3130 Kock
820 3087 982 3141 ἀνέδην.

248 3154 315 3193 Fr.
349 3155 388 3203 3,
430 3157 462 3194 1.
500 3156 580 3204 Bi„
625 3155 687 3194 καὶ
726 3156 795 3203 δὸς
828 3167 904 3207 pro
936 3156 1052 3197 δώσω
1084 3166 1170 3197 non
1205 3155 1342 3206 male,
1374 3158 1419 3196 et
1451 3155 1538 3196 alia
1569 3164 1726 3205 parum
1757 3149 2012 3204 probabilia.

251 3221 314 3260 Fr.
350 3223 389 3271 4,
424 3224 462 3261 3.
500 3223 560 3262 ΒΙ.
595 3223 805 3274 distingui
839 3223 968 3264 malit
999 3222 1230 3276 εὐπρεπῶν,
1259 3221 1322 3263 ἐπὶ
1355 3238 1386 3263 τ.
1416 3236 1458 3262 π.
1489 3219 1538 3270 ἃς
1568 3220 1596 3262 ἐ.
1628 3219 1728 3274 ὁρᾶν
1759 3222 1856 3271 etc„
1898 3217 2013 3270 quod
