2216 3522
1096 184 1178 224 196

126 259 179 396 3(
254 309 319 348 Fr.
353 281 394 360 ii,
429 309 467 347 1.
502 307 551 348 V.
585 308 612 348 l.
646 305 702 347 ὢν
748 308 939 358 praefert
983 307 1048 348 Bl.
1084 330 1135 337 —
1170 307 1244 348 Vs.
1278 307 1318 347 3.
1367 303 1410 345 δὲ
1451 315 1528 356 pro
1568 303 1643 356 γὰρ
1683 307 1852 345 temere
1884 304 2014 345 idem.

314 377 385 417 Vs.
419 379 459 417 6.
503 378 665 416 Porson
704 375 914 426 supplens
953 374 1084 427 ὥσπερ
1125 373 1167 414 ἐκ
1198 374 1459 424 κελεύσματος
1491 373 1652 413 melius
1683 372 1918 423 κελεύματος
1948 371 2015 412 de·

310 445 461 485 disset.
499 467 548 473 —
585 445 656 484 Vs.
690 444 717 484 8
759 457 799 483 τε
838 443 1024 493 φαίνεται
1064 454 1141 493 pro
1182 441 1366 493 ἐφαίνετο
1409 451 1496 482 non
1537 443 1656 481 recte
1697 440 1762 481 Bl.
1795 440 1858 481 Cf.
1890 449 1957 481 vs.
1993 441 2014 480 l

311 511 550 564 ἐσφαίριζεν.

248 611 459 656 Critonis
489 612 541 653 fr.
570 613 610 662 3,
639 613 679 652 3.
713 609 780 650 καὶ
811 616 1049 662 φορμιῶσαι.
1083 610 1299 651 Headlam
1349 612 1419 660 ,to
1451 609 1584 650 break
1616 619 1672 660 up
1703 609 1769 649 for
1799 607 2016 658 faggots''.

311 681 370 720 At
410 680 561 731 φορμοί
600 690 623 719 e
655 679 826 719 calamo
866 678 1048 729 flebant,
1093 688 1179 718 non
1225 688 1380 727 naveS,
1423 680 1471 718 ut
1514 677 1715 727 arbitror,
1756 686 1838 717 nec
1866 685 2017 727 provo-

311 749 400 789 cari
431 749 577 798 potest
602 747 655 786 ad
686 757 834 786 serum
862 746 1069 796 Diogenis
1095 746 1257 786 Laertii
1291 746 1596 786 testimonium
1628 742 1778 796 φορμοὶ
1806 749 1885 783 τῶν
1915 757 2018 796 φρυ-

311 816 446 868 γάνων
470 814 669 855 dicentis.
698 814 816 854 Idem
850 814 1036 854 coniecit
1066 812 1435 865 κάφορμιᾶσαι
1466 814 1537 864 „to
1563 812 1623 852 sit
1638 812 1724 852 idle
1740 812 1786 852 in
1800 811 1877 853 the
1890 811 2019 863 port”

311 894 366 924 on
397 884 472 924 the
504 882 691 931 analogy
723 881 769 922 of
797 884 1052 933 φθειριᾶσαι,
1093 892 1143 922 as
1173 886 1487 933 περιπρωκτιᾶν,
1528 879 1824 931 περιχονδριᾶν,
1863 875 2018 931 ὤμοιιν-

313 951 414 990 διᾶν.
441 951 534 990 Hoc
562 949 723 989 saltem
751 949 943 998 speciem
973 949 1118 989 habet.
1148 949 1246 999 Ipse
1263 948 1485 998 quondam
1503 948 1710 998 proposui
1735 945 2019 999 κάνεχυρά·

313 1030 371 1057 σα
384 1021 529 1066 σθαι,
554 1017 630 1058 sed
649 1016 879 1056 violentior
897 1019 966 1057 est
983 1018 1187 1057 mutatio.
1207 1039 1258 1044 —
1279 1016 1354 1056 Vs.
1375 1017 1413 1056 7.
1432 1016 1584 1056 Kockii
1604 1015 1855 1056 coniectura
1868 1017 2022 1063 θυτῶν,

313 1096 444 1136 quam
487 1096 564 1136 pro
604 1083 756 1124 οὔκουν
787 1080 814 1123 τ’
861 1086 1004 1125 textui
1037 1085 1204 1135 intulit,
1238 1095 1326 1124 non
1358 1084 1442 1124 nisi
1479 1084 1591 1124 seris
1622 1083 1858 1123 admodum
1890 1082 2022 1123 huius

311 1155 479 1194 formae
511 1163 587 1203 pro
617 1151 807 1204 θυτήρων
839 1152 1109 1192 testimoniis
1140 1152 1310 1192 nititur.
1347 1151 1636 1191 Praetulerim
1670 1150 1891 1200 Blaydesii
1921 1164 2020 1190 ναυ-

312 1228 408 1268 τῶν,
437 1221 513 1261 sed
547 1220 701 1260 eodem
734 1221 827 1260 iure
860 1218 985 1268 ξένων
1018 1221 1085 1260 vel
1119 1218 1279 1271 ἀνδρῶν
1311 1219 1576 1269 suspiceriS,
1611 1219 1718 1259 certi
1750 1218 1891 1258 nihil..

253 1320 539 1365 Timostrati
573 1322 640 1362 Fr.
674 1323 714 1371 6,
750 1322 788 1361 2.
834 1322 898 1361 Bi.
942 1315 1073 1371 ὧνπερ
1115 1320 1266 1372 ἔχομεν.
1309 1321 1403 1361 Non
1445 1320 1630 1367 accedo„
1660 1319 1794 1359 Recte
1826 1317 2019 1369 explicat

313 1390 446 1429 Kock.
481 1389 749 1438 colloquitur
780 1399 938 1439 parcus
968 1399 1107 1429 senex
1140 1399 1241 1429 cum
1274 1389 1454 1439 prodigo
1485 1388 1776 1428 adolescente.

258 1490 484 1534 Demetrii
517 1490 567 1530 fr.
606 1491 644 1540 1,
678 1491 721 1529 6.

654 1552 742 1608 παρ’
781 1558 1014 1608 Ἀγαθοκλεῖ
1041 1553 1084 1595 δὲ
1114 1562 1270 1608 πρῶτος
1302 1552 1491 1609 εἰσήνεγκ’
1529 1554 1604 1609 ἐγὼ

655 1630 707 1678 τῷ
738 1624 956 1680 Σικελιώτῃ
988 1622 1061 1675 τὴν
1092 1623 1422 1676 τυραννικὴν
1455 1629 1605 1676 φακῆν.

315 1693 399 1734 Cur
444 1692 720 1745 tvpavmmjv?
767 1692 835 1731 An
882 1693 997 1741 quod
1044 1692 1311 1742 Agathocles
1352 1695 1568 1743 tyrannus
1609 1693 1735 1732 erat?
1782 1691 1897 1731 Num
1939 1691 2022 1731 hoc

315 1761 510 1802 sufficit?
541 1761 715 1802 Dubito.

259 1860 487 1916 Dioxippi
520 1861 571 1901 fr.
606 1863 646 1902 5.
679 1861 745 1901 Bl.
780 1862 1003 1911 proponit:

1435 1953 1488 1959 --
1522 1929 1663 1981 ἔλαβεν

613 1996 792 2037 ἔπειτα
825 1997 900 2037 δύο
933 2002 1153 2048 ψυκτῆρας.

315 2075 470 2114 parum
512 2065 804 2115 probabiliter,
847 2075 951 2104 nam
990 2064 1202 2104 traditum
1235 2062 1432 2112 ἐξιτάτους
1463 2064 1712 2114 significare
1737 2063 1783 2112 ’ἐξ
1815 2058 1897 2103 εἶτα
1927 2062 2021 2111 τοὺς

316 2142 444 2172 nemo
485 2142 572 2172 non
613 2132 748 2182 videt,
782 2143 867 2181 quo
904 2135 1030 2183 pacto
1063 2134 1211 2173 autem
1245 2143 1400 2173 versus
1432 2133 1692 2173 restituendi
1723 2132 1815 2172 sint
1845 2131 2022 2172 difficile

315 2200 433 2239 dictu
474 2202 554 2240 est.
597 2200 789 2240 Priorem
832 2201 1016 2241 desiisse
1056 2201 1099 2240 in
1137 2198 1176 2248 ἕξ
1207 2201 1319 2241 satis
1351 2201 1590 2251 probabile,
1624 2201 1700 2240 sed
1732 2199 2020 2250 posteriorem

317 2278 401 2307 non
434 2268 575 2317 magis
607 2268 820 2318 corrigere
851 2278 1032 2318 possum
1066 2278 1198 2318 quam
1230 2269 1373 2318 potuit
1405 2269 1616 2309 Meineke.
1651 2268 1743 2308 Hoc
1770 2268 1896 2308 video
1921 2267 2020 2308 arti-

316 2335 411 2375 culo
443 2335 587 2375 locum
619 2346 707 2375 non
739 2346 850 2376 esse.

257 2434 484 2490 Stephani
519 2436 569 2476 fr.
604 2437 645 2475 4.

614 2505 655 2541 Β.
687 2503 741 2551 εἷς
773 2502 841 2550 τὰς
865 2499 1071 2551 Ῥοδιακὰς
1104 2503 1195 2551 ’ὅλος
1227 2502 1467 2556 ἀπηνέχθην
1500 2503 1575 2558 ἐγὼ

687 2569 753 2610 καὶ
786 2570 877 2618 τοὺς
910 2570 1109 2623 ἐφήβους,
1139 2572 1296 2622 Σωσία,
1326 2572 1419 2620 τοὺς
1452 2572 1738 2625 δυσχερεῖς.

316 2639 393 2688 Qui
437 2639 628 2687 loquitur
668 2639 799 2679 homo
835 2639 1077 2679 dissolutus
1109 2640 1217 2679 nihil
1250 2640 1432 2680 curabat
1463 2640 1548 2698 nisi
1580 2641 1735 2691 pocula
1765 2643 1811 2681 et
1841 2650 2019 2691 pueroS,

318 2716 402 2745 non
435 2717 707 2757 morosos,
752 2708 918 2757 opinor,
961 2710 1005 2747 et
1047 2708 1346 2758 difficiles,
1381 2709 1456 2748 sed
1490 2708 1646 2749 leves
1678 2709 2019 2759 facilesque,

317 2774 463 2822 itaque
519 2777 671 2824 poetae
728 2775 992 2815 reddiderim
1050 2774 1293 2827 εὐχερεῖς.
1352 2776 1545 2825 Utroque
1601 2777 1819 2817 adiectivo
1865 2776 2019 2817 comici

317 2843 515 2881 utuntur.

257 2938 500 2984 Stratonis
532 2942 582 2982 fr.
621 2944 657 2991 1,
691 2943 731 2982 3.
773 2941 948 2993 συνίημι.
992 2943 1055 2983 Bi.
1102 2944 1204 2994 „Qu.
1238 2949 1405 2995 συνῆκα.
1449 2944 1621 2984 Vocalis
1654 2961 1664 2983 ι
1699 2946 2019 2997 correptionem

318 3019 403 3048 non
447 3009 676 3049 miraberis
718 3010 760 3049 in
793 3020 843 3049 eo
875 3011 947 3059 qui
982 3010 1174 3051 mediam
1207 3011 1251 3052 in
1283 3011 1374 3051 θύω
1407 3012 1588 3061 corripit
1620 3023 1690 3053 vv.
1727 3014 1795 3053 19.
1829 3013 1929 3054 20”.
1965 3035 2017 3042 -

318 3076 389 3116 Vs.
425 3079 464 3116 5.
506 3076 633 3124 εὐθύς
664 3073 700 3126 μ’
735 3075 962 3128 ἐπηρώτησε
993 3078 1250 3131 προσβλέψας
1283 3078 1391 3132 μέγα.
1436 3080 1595 3120 Utrum
1628 3079 1891 3132 προσβλέπειν
1921 3078 2020 3134 μέγα

316 3145 561 3193 significare
603 3147 765 3194 potest,
809 3146 920 3194 quod
964 3156 1044 3186 nos
1086 3147 1274 3186 dicimus
1305 3148 1526 3197 magnis
1557 3147 1739 3187 oculis
1770 3147 2018 3197 aliquem

318 3211 633 3261 adspicere,
683 3213 806 3251 cuius
855 3223 961 3252 usus
1008 3214 1214 3263 exempla
1262 3225 1332 3254 me
1373 3213 1598 3264 deficiunt,
1643 3225 1699 3255 an
1740 3216 1887 3265 potius
1920 3213 2020 3268 μέγα
