2216 3522
1138 203 1196 245 80

339 337 479 392 παιδιᾷ
516 340 593 378 aut
628 334 716 387 οὐχὶ
747 333 960 383 παιδικῶς,
991 332 1067 372 sed
1100 332 1272 382 virgula
1302 343 1381 383 pro
1412 335 1574 383 puncto
1604 333 1751 384 posita
1780 337 1881 386 post
1909 333 2045 390 λαβών

339 406 590 456 scripserim
623 402 835 454 ἐνεχεάμην
872 396 992 442 <δ’>
1023 397 1196 451 ἄκρατον
1221 398 1316 450 κτέ.,
1344 400 1494 441 delens
1523 401 1741 451 virgulam
1763 405 1867 453 post
1891 403 2045 460 παιδιᾳ.

340 476 449 516 Nam
483 472 629 523 procul
660 470 790 511 dubio
818 479 906 508 ν88.
945 468 1058 507 1-3
1090 478 1226 508 unam
1258 467 1456 509 efficiunt
1485 469 1726 519 periodum.

282 543 349 583 Fr.
382 543 453 591 82,
487 542 525 580 2.
560 540 621 580 Bl.
655 536 698 578 δὲ
728 548 805 587 pro
835 550 885 575 τε.
917 535 1033 576 Cur?
1066 535 1154 576 Nec
1186 537 1311 577 video
1342 547 1419 577 cur
1450 546 1515 577 vs.
1549 537 1575 577 3
1617 535 1686 577 καὶ
1716 537 1926 590 βεβρωκὼς
1956 549 2044 581 me·

339 610 423 650 lius
463 610 522 648 sit
561 616 694 656 quam
736 605 949 645 traditum
981 602 1305 655 καταβεβρωκὼς.
1338 604 1434 645 Imo
1465 604 1823 657 καταβιβρώσκειν,
1851 616 1929 656 pro
1959 616 2044 657 quo

337 677 604 726 antiquiores
644 672 797 714 comici
835 670 1059 710 κατεσθίειν
1091 670 1316 721 adhibent,
1362 671 1669 712 devorandi
1699 682 1834 713 sensu
1866 683 2045 725 usurpa-

337 749 432 785 tum
465 744 533 783 hic
564 742 788 791 aliquanto
819 739 966 789 aptius
998 739 1170 779 videtur
1200 749 1333 789 quam
1366 739 1548 780 verbum
1581 740 1787 790 simplex.

280 814 346 853 Fr.
378 814 447 862 85,
485 814 520 851 1.
563 812 779 850 κυαθοῖσιν
811 807 874 847 Bl.
919 817 994 856 pro
1035 810 1193 846 θεοῖσιν
1235 807 1422 848 forsitan
1453 807 1617 848 rectius
1647 818 1780 857 quam
1812 808 2047 862 σκύφοισιν,

335 881 447 930 quod
494 879 740 919 coniecerat
785 874 918 915 Kock.
968 874 1079 914 Cum
1126 876 1283 916 neutro
1328 875 1441 916 facio
1481 876 1679 916 futurum
1721 874 1892 929 ἔνεσται,
1930 878 2046 928 quod

334 949 499 999 optime
538 947 625 987 coit
666 944 810 984 verbis
840 942 1127 991 sequentibus
1159 939 1210 980 ἂν
1242 941 1297 994 μὴ
1328 942 1476 998 κεράσῃ
1507 958 1584 994 τις,
1614 946 1817 986 mutante
1847 945 1892 986 in
1924 954 2044 996 prae-

337 1026 440 1055 sens
469 1013 592 1053 ἔνεστι
624 1012 693 1052 vel
725 1005 839 1050 ἔνεστ’
877 1007 932 1048 ἐν.

279 1085 345 1124 Fr.
378 1084 448 1131 86,
482 1085 521 1122 5.
564 1081 672 1121 Cum
715 1079 779 1119 Bl.
820 1077 1024 1118 inutilem
1066 1077 1210 1117 iudico
1241 1078 1396 1118 Kockii
1429 1079 1725 1120 coniecturam
1761 1077 2046 1133 ὠστιζομένους

336 1161 410 1201 pro
450 1146 736 1199 σιτιζομένους,
774 1145 887 1195 quod
920 1144 1147 1194 postulant
1178 1145 1275 1195 ipsa
1305 1147 1549 1195 sequentia.
1584 1146 1691 1188 Cum
1728 1158 1791 1188 vs.
1825 1149 1852 1189 6
1883 1148 2047 1190 iniuria

334 1218 570 1259 sollicitato
602 1216 650 1255 O.
669 1214 848 1254 Crusius
880 1212 955 1252 eft.
989 1212 1189 1252 Alexidis
1220 1213 1272 1253 fr.
1310 1214 1407 1254 159.

276 1288 343 1326 Fr.
377 1287 446 1335 87,
481 1286 506 1324 3
539 1295 603 1333 sq.
754 1280 939 1331 καθάπερ
971 1279 1017 1319 αῖ
1043 1283 1251 1333 γυναῖκες,
1279 1279 1502 1335 κατέφαγεν

570 1351 781 1401 πάμπολλα
808 1347 875 1388 καὶ
905 1348 1180 1399 ταχύτατα.

332 1421 550 1461 Librarios
575 1419 821 1467 sequiorem
847 1417 1036 1457 formam
1059 1416 1345 1457 substituisse
1376 1428 1452 1467 pro
1481 1418 1619 1459 attica
1649 1417 1760 1470 τάχι
1772 1429 1859 1458 στα
1887 1420 2044 1461 monui

334 1489 457 1529 Anal.
476 1487 579 1527 Crit.
597 1488 667 1526 34.
693 1486 787 1526 Non
805 1484 1136 1535 praeferendam
1154 1495 1252 1524 esse
1275 1485 1432 1525 Kockii
1449 1486 1748 1526 coniecturam
1773 1485 2044 1539 παχύτητα

332 1557 519 1596 arbitror
559 1556 734 1604 propter
776 1552 931 1592 Eubuli
962 1552 1013 1592 fr.
1048 1553 1118 1591 42.
1151 1552 1308 1592 Risum
1342 1555 1494 1593 movet
1526 1553 1611 1604 Bl.,
1646 1554 1719 1603 qui
1750 1554 1938 1603 quodvis
1965 1565 2044 1606 pro

330 1625 486 1673 quovis
519 1622 685 1671 passim
717 1630 933 1670 reponens
964 1620 1225 1660 violentiam
1257 1620 1327 1660 hic
1358 1621 1469 1660 mihi
1499 1621 1757 1671 exprobrat!

274 1692 339 1731 Fr.
374 1693 444 1741 88,
483 1693 518 1730 1.
566 1690 648 1729 Pro
689 1688 737 1728 οὐ
779 1688 843 1728 Bl.
887 1687 1015 1727 malit
1045 1681 1118 1738 αὖ,
1148 1688 1261 1736 quod
1298 1689 1557 1738 pessumdat
1587 1690 1875 1741 sententiam,
1907 1699 2040 1740 quam

329 1760 492 1809 optime
534 1757 724 1807 explicat
766 1756 899 1796 Kock.
944 1756 1078 1796 Recte
1119 1756 1237 1796 idem
1282 1767 1346 1796 vs.
1380 1758 1406 1796 3
1449 1759 1599 1798 tuetur
1630 1756 1800 1808 ἅπασιν,
1841 1757 1918 1798 sed
1948 1767 2040 1809 per-

329 1827 578 1877 spicuitatis
620 1836 722 1875 ergo
762 1825 1014 1874 scripserim
1056 1823 1217 1863 ἅπασιν·
1259 1823 1416 1873 ἵπποις,
1456 1823 1546 1866 κτὲ..
1593 1825 1754 1867 Utrum
1794 1836 1874 1867 vs.
1893 1827 1921 1867 4
1961 1836 2040 1878 pro

329 1897 489 1944 μαστοῖς
535 1893 862 1933 rescribendum
903 1893 963 1931 sit
1004 1902 1103 1931 cum
1147 1891 1429 1942 Dalecampio
1471 1891 1702 1944 μασπέτοις,
1740 1894 1853 1944 quod
1883 1894 2042 1945 probat

329 1963 412 2011 Bl.,
444 1973 500 2001 an
532 1971 631 2000 cum
659 1960 842 2009 Kockio,
875 1959 950 2008 qui
982 1959 1089 1999 illud
1114 1969 1275 1999 nomen
1302 1960 1503 2010 ignotum
1529 1961 2038 2010 fuisseAtheniensibus

328 2042 350 2071 e
382 2029 673 2079 Theophrasti
705 2028 799 2067 1000
830 2027 884 2067 Η.
918 2027 980 2067 Pl.
1014 2027 1071 2066 VI
1104 2028 1144 2076 3,
1182 2029 1202 2066 1
1237 2026 1391 2079 efficit,
1423 2032 1665 2080 μαστροποῖς
1696 2029 1876 2070 ridicule
1905 2029 2035 2071 inter·

325 2099 516 2148 positum
556 2097 649 2145 agri
690 2096 901 2145 Cyrenaei
938 2096 1173 2145 fructibus,
1209 2106 1295 2136 non
1327 2097 1455 2147 plane
1486 2098 1665 2147 quidem
1697 2098 1808 2139 mihi
1838 2100 2033 2150 constat,

327 2166 404 2206 sed
445 2167 596 2204 tamen
637 2164 721 2203 huc
761 2165 905 2213 magis
947 2163 1130 2204 inclinat
1171 2164 1361 2204 animus.
1394 2164 1557 2205 Verum
1589 2175 1666 2216 pro
1696 2169 1879 2218 πυρετοῖς
1906 2166 2036 2217 longe

325 2233 518 2283 praefero
552 2232 753 2271 Meinekii
784 2232 1016 2271 inventum
1047 2234 1190 2282 πυροῖς
1221 2231 1340 2272 1111118
1370 2234 1647 2275 coniecturae
1676 2234 1856 2287 πύργοις.

269 2303 335 2342 Fr.
369 2303 437 2350 89,
471 2302 496 2340 5
528 2311 591 2349 sq.
624 2300 732 2340 Cum
765 2299 997 2348 Blaydesio
1029 2299 1163 2349 probo
1193 2300 1377 2340 Porsoni
1408 2301 1815 2351 transpositionem.

270 2371 335 2409 Fr.
369 2370 438 2417 90,
472 2369 511 2407 2.
561 2368 641 2407 Pro
682 2366 815 2413 δαιτὸς
856 2366 1142 2416 interpolator
1181 2368 1328 2418 potius
1369 2369 1615 2419 scripturus
1655 2370 1814 2419 fuisset
1852 2346 2034 2420 vulgare

325 2436 511 2485 δείπνου,
555 2445 687 2484 quare
729 2435 870 2474 multo
906 2434 1171 2484 probabilior
1202 2435 1375 2475 videtur
1407 2436 1610 2477 Meinekii
1640 2434 1891 2478 coniectura
1920 2437 2033 2478 exci-

326 2506 442 2543 disse
473 2506 640 2554 λιπαρᾶς
672 2513 804 2551 quam
836 2502 1069 2542 delendum
1102 2513 1200 2543 esse
1231 2502 1376 2550 δαιτὸς.

268 2572 335 2611 Fr.
367 2573 437 2620 91,
475 2573 511 2611 1.
543 2570 672 2609 πόθεν
704 2569 873 2620 οἰκήτωρ
907 2573 981 2616 (80.
1015 2567 1142 2621 ὄχλος)
1175 2571 1319 2620 magis
1347 2572 1515 2621 poetice
1541 2572 1711 2613 dictum
1738 2583 1871 2622 quam
1897 2572 2030 2614 πόθεν

324 2636 401 2677 οἵδ’
440 2635 594 2689 ἥκουσ’,
628 2638 740 2687 quod
772 2638 983 2677 substitui
1019 2637 1137 2677 iubet
1170 2638 1373 2687 Blaydes.

269 2707 333 2746 Fr.
367 2708 436 2746 92.
466 2706 527 2745 Bl.
560 2703 797 2757 ,ἁστρίχοις,
823 2706 849 2744 i.
869 2716 908 2754 q.
936 2703 1206 2757 ἀστραγάλοις.
1234 2705 1410 2746 Scilicet
1435 2706 1488 2746 ob
1514 2708 1622 2748 astri
1646 2708 2030 2754 similitudinem.’'

323 2774 440 2823 Quod
481 2774 518 2813 si
562 2775 622 2813 ita
661 2778 797 2821 esset,
840 2773 1078 2822 suspiceris
1118 2772 1231 2812 talos
1263 2773 1327 2812 ita
1357 2773 1497 2814 dictos
1529 2784 1627 2815 esse
1657 2785 1684 2815 a
1713 2776 1906 2827 punctis,
1939 2777 2028 2826 qui·

325 2842 403 2880 bus
460 2845 506 2881 ut
560 2841 702 2881 stellis
758 2840 929 2881 coelum
981 2840 1378 2889 distinguebantur.
1427 2841 1589 2882 Verum
1636 2853 1773 2893 apage
1818 2843 2026 2895 ineptias!

325 2909 491 2959 Ἀστρίας
537 2912 582 2948 01
622 2907 800 2960 ἅστριχος
848 2907 956 2948 nihil
996 2907 1115 2947 aliud
1146 2910 1252 2948 sunt
1283 2918 1416 2957 quam
1454 2909 1675 2951 breviores
1705 2910 1875 2959 formae
1905 2912 2028 2953 vocis

324 2975 583 3028 ἀστράγαλος,
625 2976 778 3016 talus
819 2975 1063 3025 (animalis,
1116 2975 1374 3026 plerumque
1415 2977 1630 3028 hinnulei,
1681 2978 1794 3019 unde
1844 2978 2024 3032 δορπάς),

322 3055 431 3092 quae
475 3054 559 3083 vox
603 3044 748 3092 procul
781 3043 910 3083 dubio
942 3042 995 3082 ab
1028 3043 1162 3083 astris
1193 3053 1279 3083 non
1320 3043 1440 3084 ducit
1470 3045 1699 3095 originem.
1737 3046 1850 3087 Fieri
1880 3047 2027 3097 potest

323 3114 370 3150 ut
404 3111 629 3150 Herondas
662 3111 722 3150 111
756 3115 781 3151 6
811 3123 875 3159 sq.
918 3111 1147 3160 scripserit
1188 3108 1254 3150 καὶ
1293 3109 1368 3163 γὰρ
1403 3108 1492 3151 οὐδ’
1528 3110 1774 3166 ἀπαρκεῦσιν
1816 3115 1823 3165 Ι
1865 3113 1954 3155 σοί
1987 3110 2021 3168 γ’

322 3175 551 3227 ἁστρίαι,
588 3179 837 3229 dannanus,
870 3189 944 3228 pro
976 3181 1148 3219 ametro
1180 3177 1236 3217 αἱ
1262 3176 1600 3232 ἀστρᾱγάλαι.

264 3246 331 3286 Fr.
363 3247 432 3285 93.
467 3248 607 3285 Causa
638 3250 706 3285 est
737 3247 857 3286 nulla
888 3256 964 3285 cur
995 3256 1095 3285 cum
1130 3246 1193 3286 Bl.
1229 3243 1399 3298 τ’,ιιρόασο
1433 3250 1659 3288 mutemus
1690 3249 1735 3289 in
1766 3246 1962 3302 ἠκροάσω.
