2216 3522
1053 188 1137 226 202

274 313 394 352 iubet
435 308 481 350 ἵν’
526 310 712 366 ἐκτρέφῃ,
754 314 801 352 at
843 314 1078 354 manifesto
1122 314 1303 354 verbum
1346 314 1641 364 compositum
1675 314 1717 354 h.
1750 314 1778 355 l.
1821 317 1975 365 aptum

273 391 356 420 non
384 382 464 420 est.
489 403 538 408 —
559 380 631 420 Vs.
650 381 690 420 9.
710 380 850 431 Idem,
880 382 1084 430 quamvis
1112 384 1291 422 vetante
1318 382 1501 433 Kockio,
1531 382 1711 431 requirit
1737 397 1803 433 μοι
1830 382 1976 432 δοκεῖν,

272 447 324 495 ὡς
355 448 479 498 δοκῶ,
520 447 681 488 oblitus
721 458 769 488 se
806 447 909 488 alibi
941 458 1128 498 negasse
1159 449 1293 488 δοκεῖν
1325 460 1403 500 pro
1434 449 1609 500 νομίζειν
1639 459 1738 490 esse
1768 450 1973 500 atticum,

273 528 358 566 qua
405 517 448 555 in
495 525 541 555 re
587 515 767 567 fallitur,
815 518 865 556 ut
909 518 1086 566 saepius
1128 517 1218 557 iam
1260 517 1424 557 monui.
1469 539 1523 546 -
1562 517 1638 558 Vs.
1685 518 1751 558 11.
1800 517 1974 568 Corrige

271 584 348 637 7¹1<
356 600 379 636 y
386 593 418 622 >
428 597 543 623 νεῖαι.

215 654 280 693 Fr.
318 653 414 692 110.
452 654 487 691 1.
536 651 685 691 Nauck
727 651 823 691 Mel.
857 651 914 691 VI
951 653 1033 692 156
1076 653 1188 702 apud
1231 652 1352 693 Diod.
1397 652 1479 693 Sic.
1518 653 1584 702 12,
1622 653 1674 692 12
1717 654 1835 693 recte
1876 655 1976 703 post

273 721 406 760 verba
450 717 539 771 περὶ
583 724 661 758 τῶν
708 718 821 758 ἰδίων
868 719 984 759 delet
1028 719 1252 769 glossema.
1297 718 1455 759 τέκνων.
1490 742 1542 748 -
1576 721 1617 760 4.
1660 720 1781 760 Idem
1821 720 1976 770 probat

271 799 418 828 meum
460 786 733 838 εὐδοκιμείτω,
773 787 1002 827 conferens
1043 788 1166 828 Sexti
1207 790 1320 828 sent.
1354 789 1440 828 416
1458 789 1509 829 A.
1557 787 1677 828 Elter
1717 798 1857 838 progr.
1890 787 1974 828 Un.

273 856 409 896 Bonn.
458 855 568 895 1892
611 865 652 905 p.
693 855 881 895 XXXIV
921 852 941 895 ὁ
984 854 1251 908 ἐπιγᾶμων
1291 854 1443 903 τέκνοις
1483 854 1538 907 μὴ
1585 854 1858 907 εὐδοκιμείτω,
1902 855 1975 896 ubi

272 924 450 972 corrigit
482 920 502 962 ὅ
534 921 829 975 ἐπεισάγων
861 921 1011 970 τέκνοις
1049 922 1320 976 <μητρυιὰν>
1359 922 1413 974 μή
1445 922 1711 973 ε’ὖδοκιμείτω.
1741 945 1794 952 -
1823 922 1898 964 VS.
1930 924 1972 964 δ’.

272 992 423 1031 Merito
469 991 584 1031 idem
632 992 780 1031 tuetur
821 991 1074 1044 πραγμάτων.
1109 1014 1161 1020 -—
1194 991 1269 1032 Vs.
1304 992 1344 1032 8.
1387 991 1497 1032 Cum
1536 991 1601 1031 Bl.
1644 991 1776 1041 probo
1817 991 1974 1031 Naberi

270 1060 565 1099 coniecturam
605 1056 814 1111 ἀγάπησον
855 1069 931 1109 pro
972 1058 1249 1109 κατάπαυσον,
1288 1069 1365 1109 pro
1405 1069 1490 1109 quo
1531 1059 1688 1100 saltem
1723 1058 1975 1099 κατάπαυσαι

272 1127 338 1167 vel
367 1125 586 1177 κατάληξον
616 1127 920 1176 requireretur.

212 1195 279 1235 Fr.
318 1195 413 1234 112.
447 1194 717 1234 Themistius
749 1195 818 1235 Or.
853 1194 988 1235 2620
1022 1217 1075 1224 —
1107 1193 1240 1234 ἔπειτα
1280 1192 1331 1233 ἂν
1369 1191 1441 1246 μὲν
1482 1192 1642 1247 ἀγαθὸν
1673 1193 1810 1247 πύθῃ,
1838 1204 1973 1247 στεγα-

273 1261 339 1309 νὸς
385 1257 421 1301 εἶ
465 1260 531 1300 καὶ
579 1262 855 1314 Ἀρεοπαγίτου
901 1261 1208 1313 σιωπηλότερος,
1246 1260 1317 1302 ἐὰν
1368 1261 1412 1302 δέ
1457 1276 1564 1309 τινος
1610 1266 1737 1301 κακοῦ
1784 1259 1974 1316 ἐπιλάβῃ,

265 1327 414 1369 Ἰλιάδα
446 1328 485 1377 ἐξ
506 1328 653 1369 ἀὑτοῦ
685 1333 810 1377 ποιεῖς
842 1328 908 1369 καὶ
934 1327 1182 1371 Ὀδύσσειαν.
1216 1330 1260 1370 Si
1292 1331 1410 1370 recte
1441 1331 1597 1380 poetae
1622 1329 1753 1372 attici
1783 1329 1974 1379 vestigia

270 1400 313 1438 in
346 1398 578 1439 Themistii
610 1398 702 1438 loco
735 1400 1010 1447 agnoverunt
1041 1399 1121 1438 viri
1152 1398 1287 1448 docti,
1320 1397 1391 1438 hic
1421 1397 1539 1437 ludi
1569 1396 1732 1448 possit:

598 1462 710 1505 ἔπειτ’
747 1464 816 1506 ἐὰν
848 1463 920 1518 μὲν
951 1464 1112 1519 ἀγαθὸν
1145 1465 1203 1505 ὅτι
1234 1462 1327 1505 ποτὲ
1360 1464 1410 1516 δὴ
1441 1465 1578 1519 πύθῃ,

596 1533 879 1586 στεγανώτερός
911 1548 968 1581 τις
998 1532 1288 1586 κάρεοπαγίτου
1324 1529 1444 1584 <σύγ’
1458 1546 1489 1573 >
1526 1528 1578 1584 εἴ,

597 1600 666 1640 ἐὰν
698 1599 741 1641 δέ
770 1615 877 1649 τινος
923 1607 1050 1642 κακοῦ
1076 1598 1243 1657 ’πιλάβῃ
1281 1597 1348 1653 <y’
1385 1595 1496 1651 αὖ>,
1525 1605 1659 1640 κακῶν

592 1666 739 1708 Ἰλιάδα
770 1672 906 1716 ποιεῖς.

270 1738 432 1778 Notum
489 1737 766 1787 proverbium
825 1748 923 1778 esse
979 1744 1112 1778 κακῶν
1154 1733 1271 1785 Ἰλιάς
1318 1737 1417 1787 quis
1462 1737 1635 1777 nescit?
1689 1736 1772 1776 Sed
1817 1745 1972 1786 parum

270 1805 432 1845 talibus
462 1805 620 1845 tribuo.
896 1831 902 1837 -

211 1874 278 1913 Fr.
316 1873 411 1912 113.
455 1873 569 1913 Plut.
614 1873 715 1913 Mor.
749 1874 878 1914 615d
918 1884 1047 1914 usum
1079 1884 1176 1914 esse
1207 1874 1301 1914 loco
1332 1872 1560 1923 Euripideo
1591 1872 1643 1912 fr.
1676 1872 1778 1922 449,
1811 1874 1971 1922 4,.non

270 1941 425 1980 comici
458 1941 660 1991 alicuius,
696 1941 915 1981 intellexit
945 1941 1109 1982 Nauck.

212 2010 279 2049 Fr.
316 2011 412 2048 114.
457 2009 521 2047 Ad
562 2009 784 2048 Menandri
822 2009 961 2061 φάσμα
1002 2009 1175 2050 rettulit
1214 2009 1456 2060 Jernstedt,
1501 2009 1573 2058 qui
1610 2017 1774 2048 novum
1807 2005 1974 2047 addidit

267 2077 565 2126 fragmentum
591 2077 756 2127 maius,
785 2077 862 2117 sed
887 2077 994 2117 item
1020 2078 1297 2128 lacunosum,
1326 2078 1438 2126 quod
1465 2076 1562 2116 vide
1587 2075 1700 2126 apud
1726 2074 1970 2114 Nauckium

270 2143 365 2183 Mel.
384 2143 441 2182 VI
468 2154 508 2193 p.
541 2145 623 2183 156
640 2154 704 2192 sq.
732 2143 794 2184 Cf.
821 2155 954 2194 supra
979 2145 1032 2184 ad
1064 2146 1283 2183 ΦΑΣΜΑ.
1312 2167 1354 2174 -
1374 2145 1448 2185 Vs.
1477 2146 1502 2185 5
1530 2154 1594 2193 sq.
1628 2142 1842 2183 Headlam
1874 2151 1971 2192 sup·

270 2212 358 2261 plet
399 2211 548 2250 αἰσθοῦ
574 2211 721 2250 σαυτὸν
748 2209 822 2251 ὅντ’
855 2210 1101 2263 [ἅνθρωπος
1128 2212 1212 2260 ὥν.]
1243 2210 1250 2265 Ι
1277 2210 1518 2263 ἄνθρωπον,
1543 2212 1753 2261 Blaydesz
1790 2233 1837 2238 -—
1876 2207 1971 2249 ὄντα

271 2279 494 2326 [πλούσιον]
527 2277 768 2330 ἄνθρωπον,
808 2280 851 2320 in
888 2280 1062 2331 quibus,
1101 2283 1150 2321 ut
1175 2280 1397 2321 sententia
1422 2281 1581 2330 exiret,
1610 2278 1704 2319 ὄντα
1737 2278 1803 2318 bis
1830 2277 1972 2318 fuerat

269 2347 536 2397 ponendum,
586 2357 639 2386 ne
686 2347 872 2388 absurde
917 2351 1085 2389 vertere
1127 2358 1382 2398 cogeremur
1422 2348 1581 2388 Senti
1629 2348 1683 2388 te
1729 2346 1970 2387 divitem

270 2426 391 2454 esse
439 2414 735 2455 hominem.
784 2416 873 2457 Nec
918 2419 1069 2456 tamen
1111 2416 1343 2456 Headlami
1385 2418 1428 2456 et
1469 2415 1621 2456 Kockii
1667 2414 1973 2465 supplementa

269 2483 395 2532 plane
429 2482 536 2521 mihi
569 2482 849 2523 satisfaciunt
881 2485 924 2523 et
955 2484 1101 2534 potius
1133 2484 1388 2524 crediderim
1421 2494 1520 2523 cum
1554 2482 1732 2533 Cobeto,
1765 2482 1838 2531 qui
1870 2491 1907 2523 e.
1933 2490 1970 2522 c.

271 2551 423 2590 inserit
459 2550 617 2598 Φειὸία,
648 2551 829 2599 periisse
861 2562 1021 2592 nomen
1054 2552 1276 2602 proprium
1308 2551 1495 2600 aliquod.

215 2618 278 2657 Fr.
318 2619 413 2667 116,
452 2620 469 2657 1
506 2630 568 2668 sq.
603 2621 667 2661 Bl.
709 2615 772 2659 εἶτ’
817 2619 853 2659 εἰ
890 2617 962 2669 μὲν
996 2614 1114 2660 <εὖ>
1155 2615 1301 2675 ᾔδησθ’
1338 2618 1393 2659 ὅτι
1435 2624 1624 2659 τοῦτον
1656 2617 1724 2657 τὸν
1756 2616 1862 2669 βίον,
1888 2618 1895 2667 Ι
1922 2611 1971 2655 ὃν

269 2684 317 2724 οὐ
364 2686 529 2737 βεβίωκε
571 2691 794 2738 (mecum),
838 2688 915 2735 ζῶν
957 2687 1221 2739 διηυτύχησεν
1262 2684 1332 2738 ἂν,
1373 2690 1490 2728 recte
1523 2687 1770 2737 improbata
1799 2685 2002 2726 soloeca'

270 2755 421 2795 Kockii
452 2757 701 2797 coniectura
729 2761 922 2796 τοιοῦτον.

212 2823 277 2863 Fr.
318 2825 410 2863 119.
1171 2823 1236 2863 δεῖ
1262 2819 1297 2863 δ’
1333 2818 1443 2874 οἶμαι
1473 2826 1614 2876 γαμεῖν

581 2892 648 2932 τὸν
680 2890 842 2943 ἐπιμελῆ
873 2890 939 2931 καὶ
971 2890 1147 2932 δυνατὸν
1178 2890 1403 2942 οἰκονομεῖν
1435 2889 1589 2943 ὄχλον

580 2960 711 3010 πλείω.

273 3027 571 3074 improbabam
600 3028 817 3076 quondam
846 3028 998 3068 Kockii
1020 3028 1317 3068 coniecturam
1335 3025 1467 3077 ὄτλον,
1483 3026 1744 3067 vocabulum
1762 3036 1790 3067 a
1805 3026 1972 3067 comica

268 3093 455 3133 dictione
497 3095 707 3145 alienum,
751 3095 827 3135 sed
869 3095 1003 3135 simili
1048 3105 1193 3136 errore
1233 3096 1406 3153 tenetur
1444 3094 1507 3134 Bl.
1541 3094 1709 3135 comico
1740 3095 1894 3144 poetae
1926 3092 1969 3133 in

269 3161 441 3200 senario
477 3161 712 3202 obtrudens
745 3162 880 3214 δόμον.
925 3164 968 3203 Si
1009 3161 1124 3214 ὄχλον
1166 3172 1324 3203 sanum
1357 3164 1428 3203 est
1458 3165 1518 3209 (et
1548 3161 1694 3211 quidni
1727 3162 1850 3211 sit?),
1883 3170 1969 3202 non

270 3229 394 3268 video
439 3229 540 3277 quid
588 3230 703 3270 aliud
746 3230 996 3280 significare
1038 3230 1179 3281 possit
1218 3229 1339 3270 πλείω
1380 3227 1496 3282 ὄχλον
1537 3239 1669 3279 quam
1701 3229 1969 3270 maiorem
