2216 3522
1166 250 1192 294 2

358 386 506 435 topere
546 381 695 422 sordet
734 391 836 431 prae
879 380 1035 421 Mureti
1067 381 1248 420 invento
1280 378 1420 429 ipsius
1450 376 1652 418 ariolatio
1681 375 1822 432 βροτῷ.
1847 374 2062 416 Similiter

359 453 452 502 ipse
498 461 575 501 pro
617 449 747 490 inerti
791 447 1039 487 ΠΟΛΛΩΝ
1079 447 1255 487 restitui
1299 444 1549 485 ΠΡΟΜΩΝ
1586 443 1782 494 Euripidi
1819 442 1925 484 Heo.
1957 443 2060 486 861.

361 519 422 560 Cf.
450 518 585 559 etiam
613 517 677 557 Bl.
703 527 743 567 p.
764 517 802 556 2.
828 537 871 543 —
895 514 1099 556 Ceterum
1130 514 1348 553 incertum
1380 513 1467 563 est,
1499 513 1647 552 utrum
1679 511 1876 552 Muretus
1907 520 2062 552 verum

361 587 519 627 viderit
558 595 613 625 an
655 582 917 624 Butherford
957 592 1013 622 ex
1052 591 1166 630 ᾱτωι,
1197 581 1224 621 i.
1257 590 1294 621 e.
1327 580 1487 636 πρώτῳ,
1526 579 1708 620 eliciens
1737 576 1840 631 ἀγῷ,
1873 577 1987 628 quod
2017 579 2063 620 et

359 656 503 705 ipsum
560 657 630 693 est
685 651 878 701 tragicae
925 650 1144 690 dictionis.
1182 671 1233 678 -
1262 649 1547 690 Grandiorem
1594 656 1765 697 quoque
1810 655 2063 688 sermonem

358 732 459 763 cum
489 721 589 761 alibi
622 719 826 759 Cratinus
857 718 1038 758 affectat
1069 720 1165 757 tum
1196 717 1248 757 fr.
1283 717 1329 756 7:

596 786 726 826 ἔνθα
759 784 855 832 Διὸς
886 784 1059 837 μεγάλου
1091 787 1258 823 θᾶκοι
1290 782 1433 823 πεσσοί
1459 797 1499 823 τε
1529 785 1832 822 καλοῦνται.

300 858 368 898 Fr.
401 858 443 897 4.
475 855 618 896 Photii
659 854 894 894 lectionem
935 862 1087 892 veram
1130 861 1227 892 esse
1268 851 1434 892 iudicat
1464 851 1512 892 Ο.
1545 850 1746 900 Crusius,
1778 849 1923 890 locum
1955 848 2063 890 Bod-

358 925 550 965 leianum
582 932 639 962 ex
669 922 825 961 Photio
859 920 1147 960 vitiosissime
1178 919 1447 970 descriptum
1478 929 1578 959 esse
1609 927 1810 958 monens.

301 993 367 1033 Fr.
401 993 441 1032 5.
475 989 710 1039 Zielinsky,
744 988 918 1038 Quaest.
951 997 1062 1028 com.
1094 998 1134 1037 p.
1168 988 1210 1039 9,
1242 987 1492 1038 proposuit:

538 1056 766 1112 Δωδωναίου
797 1055 974 1111 κύμβῳ
1006 1054 1236 1111 ζακόπῳ,
1266 1055 1382 1108 τίτθη
1413 1053 1573 1108 γεραία,
1602 1049 1853 1104 musicamne.

359 1127 406 1168 O.
450 1126 630 1167 Crusius
677 1135 779 1165 vero
826 1123 930 1164 <vai
961 1124 1050 1175 μὰ)
1086 1123 1092 1176 Ι
1123 1124 1370 1164 Δωδωναῖον
1409 1123 1513 1163 κύνα
1554 1119 1630 1161 uti.
1671 1120 1786 1161 Num
1818 1120 1938 1161 recto
1965 1119 2064 1160 Sine

359 1193 575 1235 articulo?

299 1263 367 1303 Fr.
399 1264 445 1311 6,
482 1262 523 1310 2,
556 1260 652 1310 lege
684 1258 959 1307 ἀπετ(ε)ι’σατο.

301 1331 368 1370 Fr.
401 1330 442 1369 9.
474 1328 603 1378 κόμην
635 1324 853 1379 ἁβρύνουσ’
887 1330 1030 1369 metro
1064 1328 1269 1369 Cratineo
1301 1327 1527 1377 eleganter
1557 1323 1838 1366 Rutherford.

304 1396 598 1436 BOYKOAOI.
640 1395 687 1435 O.
720 1394 901 1436 Crusius
946 1396 1143 1447 „Mystae
1186 1395 1346 1436 Bacchi
1387 1394 1562 1434 Thracii
1602 1393 1667 1433 sio
1708 1391 1959 1433 audiebant.
2006 1390 2071 1432 Cf.

359 1466 509 1513 hymn.
533 1463 661 1513 Orph.
681 1463 699 1502 I
717 1464 762 1514 9,
791 1463 939 1503 XXXI
962 1465 1002 1504 7.
1019 1465 1094 1505 Ar.
1113 1463 1242 1513 Vesp.
1266 1463 1319 1503 10
1345 1461 1414 1502 τὸν
1442 1460 1567 1502 αὐτὸν
1593 1457 1651 1512 ἄρ’
1672 1458 1760 1512 ἐμοὶ
1784 1461 2067 1513 βουκολεῖς

358 1531 573 1583 Σαβάζιον.
618 1531 687 1571 Sic
732 1531 900 1586 Θρᾷτται
937 1534 1042 1572 sunt
1083 1531 1268 1572 Bendidi
1312 1532 1547 1581 operantes
1582 1529 1807 1570 mulieres.
1839 1526 1903 1568 Cf.
1929 1523 2073 1567 Ἰδαῖοι

363 1601 409 1640 et
440 1598 633 1651 Δηλιάδες
664 1597 899 1640 Cratinei.'’

308 1667 374 1707 Fr.
412 1667 478 1707 18.
511 1671 591 1717 πῦρ
623 1664 687 1705 ἐπὶ
717 1671 798 1718 πῦρ
828 1665 935 1719 ἄγεις
967 1667 1031 1708 Bl.
1065 1667 1162 1708 coll.
1195 1667 1269 1707 Ar.
1296 1666 1347 1707 fr.
1376 1667 1477 1716 453,
1506 1667 1546 1706 2.
1574 1663 1822 1706 O.Grusius
1845 1662 2069 1714 Hesychio

361 1735 546 1775 reddidit
575 1739 656 1786 πῦρ
687 1737 763 1781 (sc.
796 1729 924 1781 οἶνον)
955 1732 1149 1788 παρέγχει.
1178 1734 1442 1775 Rutherford
1468 1734 1625 1774 deinde
1650 1730 1928 1785 ἁρπαζόμενος
1953 1734 2070 1779 (oum

363 1801 538 1852 lacuna,
581 1803 624 1841 in
666 1812 752 1851 qua
794 1802 982 1842 fortasse
1022 1803 1154 1843 fuerit
1185 1803 1237 1843 fr.
1275 1804 1341 1853 15,
1379 1804 1417 1849 1)
1450 1802 1635 1842 coniecit
1665 1811 1741 1851 pro
1772 1797 1994 1852 ἀρξάμενος
2023 1799 2071 1838 et

361 1869 415 1916 εἴς
457 1865 526 1908 τιν’
571 1865 601 1923 ᾧ
642 1866 791 1921 ἡταίρει
835 1880 910 1919 pro
962 1869 1066 1909 ἔστιν
1111 1865 1160 1909 οὗ
1208 1868 1360 1921 ἠτὴρει,
1405 1869 1563 1919 quibus
1608 1868 1751 1919 turpis
1795 1865 2069 1918 significetur

359 1937 582 1977 archontis
612 1937 732 1977 illius
763 1938 1031 1978 consuetudo
1062 1948 1163 1978 curn
1194 1938 1342 1978 nescio
1373 1948 1459 1987 quo
1489 1938 1598 1977 viro.

302 2004 370 2044 Fr.
405 2005 475 2044 22.
708 2000 994 2056 Ὑπερβορέους
1026 2004 1215 2057 aroma
1246 2011 1508 2056 τιμῶντας
1539 2002 1676 2055 στέφη.

360 2071 622 2112 Rutherford
678 2072 866 2112 coniecit
920 2069 1110 2123 αἴθρει’
1159 2076 1276 2120 (cum
1325 2072 1553 2119 Meinekio)
1600 2070 1953 2124 ἀγινοῦντας,
2013 2070 2066 2110 ut

359 2139 476 2188 loqui
511 2142 688 2189 putetur
728 2140 916 2180 Ionicus.
949 2140 1032 2181 Hic
1063 2143 1214 2181 tamen
1246 2142 1436 2181 dixisset
1466 2138 1802 2190 ἀγινέοντας,
1841 2138 1956 2188 quod
1987 2137 2063 2179 vix

359 2217 459 2247 cum
500 2208 709 2257 synizesi,
756 2218 843 2257 qua
888 2209 1042 2248 comici
1082 2218 1260 2258 perraro
1300 2210 1498 2257 utuntur,
1541 2208 1718 2248 admitti
1749 2206 1903 2257 possit.
1945 2204 2064 2246 Cete-

359 2284 457 2314 rum
497 2275 646 2324 quidni
681 2275 945 2324 Hyperborei
988 2286 1099 2325 quae
1131 2277 1176 2316 in
1217 2275 1445 2317 Graeciam
1471 2276 1698 2326 perferunt
1727 2272 1795 2326 ἱρὰ
1829 2271 2065 2324 ἐνδεδεμένα

360 2340 403 2380 ἐν
446 2341 603 2394 καλάμῃ
648 2348 788 2394 πυρῶν
835 2344 1111 2384 honorare
1151 2345 1235 2385 dici
1282 2345 1505 2395 potuerint
1550 2343 1665 2385 haud
1708 2350 1780 2383 me
1819 2341 2066 2393 perspicere

359 2408 577 2459 confiteor,
631 2419 710 2449 neo
756 2411 899 2459 magis
945 2411 1070 2451 video
1118 2422 1194 2452 our
1240 2411 1382 2463 αἴθρια
1430 2412 1597 2453 dictum
1643 2421 1743 2453 esse
1793 2420 1880 2452 non
1925 2408 2094 2461 possit-

359 2477 568 2527 producta
599 2477 757 2527 vocali,
790 2479 840 2518 ut
864 2478 1003 2519 subst.
1037 2478 1179 2530 αἰθρία
1210 2480 1318 2520 Nub.
1353 2480 1452 2530 371,
1482 2479 1612 2521 Solon
1628 2479 1681 2520 fr.
1714 2479 1781 2530 12,
1800 2478 1856 2519 22
1883 2478 1930 2519 et
1952 2476 2068 2529 apud

360 2547 502 2595 ipsum
529 2544 755 2584 Cratinum
782 2545 833 2585 fr.
868 2547 937 2586 53.
964 2546 1086 2587 Kook
1118 2548 1258 2588 voluit
1289 2546 1450 2598 αἰθέρια
1490 2548 1567 2595 (de
1609 2547 1765 2588 coelo
1807 2546 2064 2597 delapsa,

359 2622 625 2662 quamquam
673 2612 779 2651 nihil
826 2612 907 2653 hac
954 2613 1006 2653 de
1051 2624 1097 2654 re
1137 2615 1340 2661 traditur)
1382 2620 1621 2666 τηροῦντας,
1658 2613 1849 2664 Blaydes
1878 2612 2067 2663 denique

361 2680 553 2729 ὕπαιθρα.
586 2679 701 2719 Nihil
735 2690 898 2720 novare
928 2681 1071 2720 satius
1103 2691 1201 2722 esse
1227 2681 1429 2722 arbitror.

304 2747 368 2787 Fr.
403 2749 471 2787 25.
506 2747 618 2787 Num
650 2747 762 2787 forte

1487 2817 1572 2857 ἵνα

594 2879 889 2921 ἆθιάσωτοι
920 2888 989 2935 τῆς
1018 2881 1154 2936 τέχνης
1187 2883 1332 2937 ράζωσι
1358 2883 1428 2925 τὸν
1459 2884 1602 2925 λοιπὸν
1633 2884 1798 2938 χρόνον,

363 2950 387 2988 i.
422 2960 457 2988 e.
490 2947 683 2989 ἀτέλεστοι
713 2955 781 3001 τῆς
814 2948 984 3002 τέχνηςῖ

306 3017 369 3056 F'r.
405 3018 472 3057 29.
521 3016 615 3068 πρὶν
660 3023 928 3069 παριοῦσα
994 3022 1086 3069 (pro
1138 3024 1336 3071 παροῦσα)
1385 3020 1555 3076 διδάσκῃ
1607 3020 1737 3061 malit
1781 3019 1846 3060 Bl.
1893 3020 1955 3061 At
1998 3019 2065 3061 δίο

362 3087 618 3134 expectatur
648 3088 918 3135 παρελθοῦσα.

306 3152 370 3191 Fr.
404 3153 472 3191 37.
516 3149 674 3191 ‘artavo'
717 3153 762 3191 αῖ
798 3154 892 3194 sine
933 3164 1068 3194 causa
1104 3153 1168 3194 Bl.
1210 3165 1287 3205 pro
1329 3153 1540 3206 ἐνταυθοῖ,
1570 3165 1651 3196 nec
1682 3156 1825 3206 magis
1855 3165 1965 3207 opus
1995 3157 2067 3197 est

362 3219 411 3258 fr.
432 3222 486 3259 53
520 3221 763 3261 mutatione
789 3220 882 3271 φέρε
920 3220 1015 3260 νυνί
1039 3222 1116 3261 aut
1143 3221 1218 3262 νύν
1244 3233 1306 3262 σοι
1334 3233 1410 3274 pro
1437 3238 1480 3274 φ.
1504 3227 1580 3262 νῦν
1606 3234 1687 3274 σοι,
1716 3225 1765 3263 ut
1790 3224 1970 3265 omnino
1995 3223 2065 3264 Vir

361 3290 516 3326 acutus
554 3288 709 3328 miram
752 3289 870 3338 capit
905 3288 1176 3337 voluptatem
1220 3299 1275 3330 ex
1317 3290 1542 3331 mutandis
1582 3300 1883 3341 quaecumque
1920 3290 2067 3342 aliquo
