2216 3522
1025 212 1081 252 95

175 337 244 378 Fr.
278 338 377 388 271,
415 337 453 377 1.
486 341 658 387 συνεχῶς
690 335 796 376 olim
826 335 994 387 tuebar,
1029 338 1073 376 et
1104 346 1221 376 nunc
1251 336 1318 376 Bl.

174 405 243 446 Fr.
275 405 376 456 274,
413 407 451 444 1.
499 403 770 444 coniecturis
815 405 1016 444 accedat:
1064 402 1125 443 ἀεὶ
1166 403 1215 443 σὺ
1257 407 1349 454 (pro
1381 401 1437 451 δὲ)
1478 404 1577 455 πρὸς
1622 404 1829 443 Μούσαισι
1870 404 1936 444 καὶ

233 471 364 526 λόγοις
403 470 496 526 γὰρ
535 467 579 510 εἴ
607 482 684 521 pro
714 471 870 525 πάρει
912 472 1053 519 (Mein.
1086 466 1142 524 ἆρ’
1179 471 1242 519 εἶ).
1275 472 1339 511 Bl.
1373 473 1511 512 nimio
1544 472 1771 512 molimine
1802 471 1862 512 ἀεὶ
1894 471 1936 512 δὲ

233 538 333 591 πρὸς
360 539 595 579 Μούσαισιν
621 539 657 578 εἰ
680 539 730 579 σὺ
752 538 819 578 καὶ
844 539 995 591 λόγοις,
1019 539 1133 589 quod
1159 540 1275 579 idem
1301 539 1421 579 valet
1437 540 1488 579 de
1505 539 1657 579 Kockii
1675 541 1935 580 coniectura.

173 608 244 648 Fr.
276 609 375 658 276,
410 608 449 647 2.
492 606 625 646 Recte
666 607 814 657 procul
855 607 984 648 dubio
1016 607 1080 647 Bl.
1115 608 1157 645 B.
1193 607 1385 646 Θέτταλον
1416 607 1560 657 iungit
1590 618 1689 647 cum
1721 610 1935 657 sequenti-

234 675 333 724 bus,
365 673 562 724 speciose
593 675 816 724 corrigens
847 675 992 724 κομιδῆ
1025 674 1228 729 (κομιδῇῖ)
1259 673 1381 726 λέγεις
1412 670 1500 714 τιν’
1535 672 1675 725 ἄνδρα.

174 742 242 783 Fr.
276 742 376 791 277,
413 742 460 783 l.v
491 739 654 796 εἰσφέρῃ
685 743 935 782 necessaria
965 744 1034 782 est
1064 743 1274 782 correctio
1304 742 1489 782 Dobraei
1521 742 1778 792 corrigentis
1809 740 1859 781 ἂν
1882 766 1933 771 --

234 807 377 860 πέπερί
403 823 460 855 τις
491 807 653 863 εἰσφέρῃ
686 809 844 849 melius
875 820 1010 859 quam
1042 810 1108 850 Bl.
1141 820 1181 859 p.
1220 810 1316 849 120.

175 876 245 917 Fr.
278 877 378 916 278.
425 874 572 923 ἀνδρός
621 879 913 926 praegnanter
959 877 1148 927 dictum,
1195 879 1245 916 ut
1290 877 1485 926 saepiuS,
1533 877 1687 916 tuebar
1733 877 1836 917 olim
1885 878 1936 917 ab

232 944 398 984 Halmii
428 945 473 983 et
502 943 658 983 Kockii
689 945 953 984 coniecturis
978 944 1174 984 admissa
1199 944 1337 984 Grotii
1364 944 1632 984 correctione
1659 941 1770 998 ὀρθῷ
1795 944 1937 1000 τρόπῳ.

235 1011 591 1051 consentientem
623 1011 762 1051 habeo
794 1012 858 1052 Bl.
887 1013 938 1051 In
964 1022 1029 1051 vs.
1062 1014 1081 1052 1
1116 1011 1332 1060 παντός,
1362 1011 1456 1052 scil.
1482 1017 1553 1050 τοῦ
1578 1010 1782 1062 τυχόντος,
1812 1023 1936 1062 oppo-

233 1079 352 1118 nitur
397 1085 449 1132 τῷ
495 1075 700 1130 ἀνδρός.
747 1079 884 1119 Multo
926 1080 1077 1119 durius
1119 1081 1187 1119 est
1228 1080 1342 1119 inter
1378 1089 1426 1118 se
1457 1089 1672 1128 opponere
1712 1079 1859 1126 παντός
1895 1082 1939 1119 et

234 1142 364 1196 ὀρθοῦ
395 1145 556 1197 τρόπον.

118 1211 127 1213 ”
174 1213 241 1252 Fr.
275 1213 375 1253 281.
409 1212 455 1252 τὰ
487 1217 561 1263 τῆς
588 1213 595 1264 Ι
624 1213 744 1265 τύχης
777 1224 876 1253 curn
911 1215 1002 1254 cod.
1038 1216 1080 1253 B.
1111 1214 1175 1254 Bl.
1209 1215 1292 1253 Pro
1326 1214 1528 1253 Meinekii
1560 1214 1810 1254 coniectura
1840 1212 1940 1252 τάπὸ

232 1285 302 1331 τῆς
332 1281 451 1332 τύχης
481 1282 651 1322 faciunt
691 1281 912 1320 Menandri
945 1282 996 1321 fr.
1039 1282 1098 1320 IV
1130 1283 1210 1321 127
1244 1284 1287 1321 et
1314 1282 1455 1321 Anon.
1489 1291 1555 1330 ap.
1589 1281 1747 1321 Athen.
1780 1282 1866 1321 458
1883 1282 1935 1331 Β,

234 1358 346 1398 quae
376 1350 471 1398 ipse
503 1349 644 1390 affert.

176 1416 245 1456 Fr.
289 1417 389 1456 283.
438 1412 518 1456 εἶδέ
563 1413 596 1455 σ’
642 1427 718 1466 pro
766 1415 846 1467 ἥεις
893 1417 1005 1456 satis
1050 1417 1331 1467 probabiliter
1377 1416 1511 1455 Kock.
1553 1415 1742 1455 Barbare
1782 1416 1937 1455 παίσων

235 1484 349 1535 (sict)
382 1485 447 1525 Bl.

173 1552 243 1593 Fr.
275 1553 375 1592 284.
410 1552 621 1602 Quidquid
644 1553 824 1602 excidit,
848 1553 1146 1592 necessarium
1164 1554 1233 1591 est
1257 1550 1457 1603 τᾶριστον,
1478 1562 1577 1591 cum
1594 1552 1789 1602 articulo,
1808 1563 1936 1600 quem

233 1620 297 1660 Bl.
331 1631 500 1670 quoque
531 1620 727 1669 requirit.
760 1621 989 1660 Fortasse:

426 1687 608 1739 τᾶριστον
639 1686 682 1726 ἐν
714 1686 792 1744 ’ὅσῳ
831 1683 906 1728 <δ’
942 1686 1060 1726 ἔνδον
1091 1687 1259 1728 Mein'.>
1296 1685 1316 1726 ὁ
1348 1686 1532 1739 μάγειρος
1563 1690 1679 1725 ποιεῖ.

175 1755 244 1796 Fr.
278 1756 377 1796 285.
420 1756 566 1804 Longe
609 1755 764 1795 melior
795 1757 865 1795 est
904 1756 1044 1795 altera
1084 1755 1240 1795 Kockii
1273 1756 1544 1804 coniectura,
1586 1755 1629 1794 in
1660 1765 1746 1803 qua
1776 1755 1934 1804 partim

234 1822 448 1863 Cobetum
481 1825 691 1872 sequitur,
724 1834 857 1872 quam
888 1824 1017 1873 prior,
1051 1834 1160 1872 quae
1193 1823 1350 1862 dubiae
1383 1824 1452 1862 est
1481 1823 1750 1871 graecitatis.

174 1890 244 1933 Fr.
278 1892 378 1931 286.
411 1891 516 1931 Post
547 1890 750 1943 φαγόντας
782 1891 976 1931 Meineke
1009 1890 1184 1940 supplet
1209 1890 1390 1941 φάρυγα,
1416 1890 1491 1929 sed
1519 1890 1676 1929 haereo
1703 1890 1746 1928 in
1773 1890 1937 1929 omisso

232 1959 433 2009 articulo,
481 1969 562 1998 nec
608 1958 788 2007 δαψιλῶς
835 1958 1128 2008 separandum
1177 1958 1350 1998 videtur
1396 1968 1422 1997 a
1467 1956 1680 2009 φαγόντας.
1738 1958 1937 1997 Praefero

230 2026 366 2076 igitur
397 2026 619 2075 Blaydesii
652 2026 951 2066 coniecturam
988 2024 1071 2066 <τὸ
1103 2024 1266 2075 στόμα>
1303 2022 1468 2076 βρέχειν.

174 2093 242 2133 Fr.
276 2094 376 2133 289.
420 2093 655 2132 Menandro
698 2103 762 2132 vs.
804 2092 1012 2132 tribuitur
1052 2093 1098 2131 in
1138 2092 1414 2132 Boissonadii
1456 2092 1618 2131 Anecd.
1652 2092 1672 2131 Ι
1703 2103 1742 2141 p.
1781 2093 1862 2131 124
1895 2094 1938 2131 et

231 2161 392 2210 legitur
433 2160 476 2200 in
518 2160 648 2199 huius
689 2159 980 2199 monostichis
1019 2154 1084 2199 n⁰.
1121 2160 1222 2209 173,
1266 2161 1315 2199 ut
1354 2160 1525 2199 monuit
1556 2159 1724 2209 Nauck,
1759 2160 1829 2208 qui
1863 2159 1935 2198 cst.

234 2227 333 2267 Eur.
367 2227 459 2267 Alc.
495 2228 594 2266 799.
1283 2274 1286 2277 ἢ

175 2295 244 2335 Fr.
278 2295 377 2335 294.
410 2294 544 2333 Recte
574 2294 639 2333 Bl.
684 2291 762 2332 ἐστὶ
803 2299 881 2332 τῶν
922 2303 999 2342 pro
1032 2291 1136 2332 ἐστιν
1169 2290 1214 2343 ἡ,
1245 2294 1341 2333 coll.
1375 2295 1553 2334 Theocr.
1586 2294 1691 2333 XXI
1722 2295 1818 2334 init.
1851 2295 1939 2333 Nec

236 2361 392 2414 τρόπων
438 2362 533 2400 sine
579 2360 762 2400 articulo
808 2361 853 2399 in
893 2370 1024 2399 versu
1066 2360 1233 2399 comico
1274 2360 1378 2400 ferri
1419 2371 1546 2410 posse
1578 2361 1764 2401 videtur.
1797 2362 1939 2401 Minus

237 2429 537 2469 necessarium
571 2428 745 2467 videtur
776 2428 819 2467 in
852 2427 903 2466 fr.
938 2427 1022 2467 292
1055 2425 1288 2478 τοῦσχατον,
1318 2429 1431 2476 quod
1463 2428 1579 2467 idem
1606 2429 1808 2478 requirit,
1837 2439 1935 2467 cum

238 2496 495 2546 praesertim
526 2494 766 2544 κακόφωνον
797 2494 857 2533 sit
887 2492 1105 2545 τοῦσχατον
1135 2499 1218 2533 τοῦ.

179 2564 248 2604 Fr.
282 2564 366 2603 299
399 2573 475 2603 cur
506 2562 735 2611 Blaydesio
767 2562 960 2611 graviter
995 2564 1246 2610 corruptum
1284 2562 1482 2601 videatur
1514 2572 1692 2611 prorsus
1718 2572 1788 2601 me
1814 2562 1936 2601 latet.

180 2632 247 2671 Fr.
281 2631 381 2680 300,
418 2631 455 2670 1.
498 2630 648 2670 Alcaei
679 2630 730 2670 fr.
763 2631 817 2669 41
852 2627 877 2668 ἆ
909 2626 944 2668 ‹i'
980 2627 1096 2680 ἀτέρα
1136 2628 1207 2667 τάν
1248 2627 1391 2680 ἁτέραν
1422 2630 1533 2676 κύλιξ
1562 2627 1567 2678 1
1597 2627 1740 2679 ὠθήτω
1783 2630 1856 2669 eft.
1889 2630 1935 2670 O.

237 2698 429 2739 Crusius.
450 2720 502 2726 —-
521 2697 595 2738 Vs.
610 2699 650 2738 5.
682 2696 812 2736 στάσει
837 2696 973 2735 στάσιν
1002 2699 1175 2746 propter
1201 2697 1367 2745 reliqua
1393 2698 1554 2746 omnia,
1583 2698 1778 2746 exceptis
1797 2696 1939 2736 verbis

238 2765 530 2816 Καλλίστρατον
571 2764 743 2820 μαγείρῳ
787 2768 911 2814 (quae
953 2764 1079 2803 aliter
1120 2765 1316 2804 numeris
1357 2764 1519 2803 includi
1565 2774 1651 2803 non
1698 2766 1934 2814 poterant),

238 2834 397 2874 merito
428 2833 556 2873 malit
586 2832 649 2873 Bl.

180 2901 248 2941 Fr.
281 2902 382 2941 310.
416 2897 773 2952 ἆλουργιαῖον·
806 2898 893 2938 ἀντὶ
920 2904 989 2938 τοῦ
1017 2897 1216 2951 ἁλουργές,
1246 2900 1410 2939 Sanum
1438 2909 1535 2939 esse
1563 2901 1784 2938 testantur
1805 2899 1935 2938 tituli.

238 2968 448 3008 Perverse
479 2965 732 3019 ἁλουργίδων
775 2966 960 3007 coniecit
1000 2967 1143 3016 Kock,
1182 2967 1293 3015 quod
1329 2967 1366 3005 si
1399 2966 1610 3015 legissent
1641 2966 1935 3015 grammatici,

238 3045 324 3075 non
355 3032 564 3086 ἁλουργές,
595 3034 671 3074 sed
698 3031 891 3086 ’ἁλουργίς
924 3035 1234 3085 explicassent.

180 3102 247 3142 Fr.
280 3103 379 3142 324.
423 3103 556 3142 Recte
589 3101 768 3141 Gesneri
801 3112 938 3152 marg.
971 3101 1003 3141 εἱ
1035 3100 1126 3147 τοὺς
1159 3099 1328 3150 ἐρῶντάς
1360 3099 1462 3150 φησί
1495 3114 1551 3146 τις
1583 3105 1682 3138 νοῦν
1714 3098 1787 3139 οὐκ
1820 3098 1938 3150 ἔχειν,

238 3170 380 3210 lenius
420 3179 552 3218 quam
595 3169 659 3208 Bl.
701 3167 740 3207 εἴ
775 3169 878 3219 φησί
906 3184 962 3216 τις
995 3174 1095 3207 νοῦν
1127 3167 1219 3214 τοὺς
1251 3166 1421 3217 ἐρῶντας
1453 3166 1528 3206 οὐκ
1560 3165 1674 3217 ἔχειν,
1705 3167 1777 3215 qui
1812 3177 1875 3206 vs.
1910 3169 1934 3205 4

237 3237 426 3286 praefert
458 3236 674 3275 Athenaei
706 3235 937 3275 lectionem
972 3234 1065 3274 ἄλλο
1097 3234 1213 3284 πλὴν.
1246 3235 1373 3274 Ultra
1405 3244 1508 3273 vera
1539 3234 1599 3273 sit
1630 3234 1712 3273 dici
1746 3235 1907 3281 nequit.
