2216 3522
1083 213 1139 258 78

228 346 294 388 Fr.
327 349 398 397 48,
436 348 471 387 1.
505 346 568 387 Bl.
602 345 729 386 malit
761 342 970 390 Μενέλεως
1008 338 1176 393 <μὲν>,
1202 344 1249 383 at
1273 342 1447 383 facilius
1473 352 1525 384 ea
1550 341 1709 385 vocula
1732 341 1862 395 periit
1886 343 1990 386 ante

285 425 463 463 nomen,
498 414 568 454 ubi
601 415 718 454 recte
751 412 935 453 inseruit
967 410 1194 460 Koppiers.

227 483 293 522 Fr.
328 484 398 524 42.
430 481 700 522 Coniecturis
731 490 860 520 suam
893 479 1016 519 addit
1046 478 1111 518 Bl.
1137 476 1450 530 λευκοσάρκους,
1476 478 1574 519 coll.
1602 479 1757 520 11196.
1785 479 1990 520 Fortasse

287 560 437 590 verum
473 550 580 589 vidit
608 548 743 589 Kock.
775 548 825 588 In
857 546 941 587 flue
969 545 1191 596 persuasit
1218 546 1326 586 mihi
1353 545 1508 597 Naber,
1536 556 1725 596 quocum
1742 547 1787 587 in
1802 547 1855 588 tr.
1873 547 1944 597 52,
1962 547 1989 587 2

285 617 439 657 malim
472 615 623 656 τυκτὸν.

228 685 294 725 Fr.
327 686 396 734 52,
430 685 470 724 3.
502 682 620 734 ἄλλης
652 682 735 732 BL,
778 681 890 731 quod
931 690 1019 721 non
1063 680 1289 730 intellego;
1329 682 1448 721 recte
1480 678 1604 734 ἁγνῆς
1636 670 1772 722 Kock.
1806 681 1893 723 Cur
1922 682 1996 723 hic

285 763 383 792 cum
426 751 639 792 Meinekio
682 750 964 790 Homericum
997 747 1133 800 γαίης,
1173 748 1286 798 quod
1318 747 1453 788 habet
1485 748 1577 789 cod.
1613 753 1650 788 A
1681 749 1917 800 Athenaei,
1949 749 1995 790 in

283 820 397 872 γαίας
429 818 670 868 refluxerit,
704 828 776 858 me
808 818 929 857 latet.
952 839 1004 845 —
1024 816 1099 856 VS.
1133 817 1172 856 5.
1214 821 1484 868 τακεροχρῶτα
1515 815 1610 869 κρέα
1642 817 1707 858 Bl.
1739 817 1799 858 At
1829 818 1874 858 in
1905 816 1996 859 olla

283 898 367 928 non
401 897 555 928 carnes
589 888 782 935 tantum,
815 885 890 925 sed
923 884 1074 925 omnia
1104 883 1300 924 ciborum
1331 894 1492 934 genera
1517 883 1633 936 (εἴδη)
1660 886 1919 935 coquuntur.
1938 906 1992 915 —

284 956 356 995 Vs.
390 956 430 995 6.
468 953 615 993 θᾶττόν
646 949 681 1004 μ’
718 955 795 993 aut
833 950 931 1005 τᾶρα
967 948 1002 1004 μ’
1041 953 1171 992 idem.
1204 952 1369 992 Neutro
1401 962 1524 1003 opus.
1553 975 1604 982 —
1635 953 1710 993 Vs.
1745 954 1785 994 7.
1817 952 1995 1005 μελίττης

284 1024 326 1063 in
370 1024 450 1063 hac
491 1020 821 1072 paratragoedia
862 1030 949 1061 non
990 1020 1244 1070 scripserim
1287 1030 1388 1060 cum
1419 1020 1504 1072 BL,
1537 1021 1606 1061 cui
1636 1031 1699 1061 ve.
1732 1021 1759 1061 8
1795 1020 1995 1072 persuasi

283 1091 505 1140 corrigens
535 1086 832 1141 ἐγκαθειμένον.

228 1160 292 1199 Fr.
336 1159 405 1209 53,
453 1159 490 1198 1.
537 1154 680 1196 πένθει
725 1157 889 1206 Naber;
937 1155 1101 1207 μετρίως
1149 1155 1231 1207 δεῖ,
1275 1156 1419 1196 deleto
1465 1153 1510 1195 δέ
1550 1155 1614 1197 Bl.
1664 1156 1830 1197 Neutro
1880 1166 1992 1208 opus

283 1227 471 1274 videtur;
519 1223 763 1265 infinitivus
808 1235 885 1275 pro
932 1225 1194 1274 imperativo
1240 1224 1375 1264 etiam
1408 1223 1522 1273 apud
1563 1224 1737 1265 Atticos
1775 1224 1892 1265 haud
1931 1223 1996 1265 ita

282 1303 409 1334 rarus
433 1294 514 1333 est.
543 1292 702 1332 Utrum
735 1292 780 1331 in
806 1291 858 1332 fr.
893 1292 948 1331 59
976 1292 1041 1331 sic
1072 1291 1376 1341 accipiendum
1406 1292 1468 1332 sit
1493 1289 1679 1344 ἐνεγκεῖν,
1709 1302 1764 1332 an
1791 1291 1991 1343 supplen-

282 1362 387 1401 dum
425 1360 478 1400 ab
509 1360 634 1400 initio
666 1355 852 1409 ε’κέλευσ’,
892 1359 1080 1409 ambigo.
1107 1381 1160 1388 -
1179 1358 1254 1399 Vs.
1288 1359 1330 1399 3.
1363 1359 1539 1410 Optime
1569 1359 1644 1400 cft.
1675 1359 1740 1400 Bl.
1772 1359 1872 1400 Pac.
1905 1359 1992 1400 834

283 1431 328 1469 et
353 1428 509 1468 Aesch.
543 1426 647 1467 Cho.
681 1428 781 1468 239.

224 1498 291 1537 Fr.
325 1498 395 1547 55,
432 1498 469 1535 1.
516 1494 674 1546 συνίης;
715 1495 883 1546 Nauck,
927 1504 1172 1545 provocans
1212 1494 1267 1534 ad
1308 1494 1556 1535 Porsonum
1597 1495 1651 1536 ad
1682 1495 1782 1536 Eur.
1815 1495 1887 1537 Or.
1918 1497 1992 1537 41.

282 1565 383 1605 Mihi
422 1563 685 1614 probabilior
724 1564 898 1603 videtur
937 1562 1086 1603 Cobet-i
1124 1563 1339 1613 doctrina,
1373 1573 1507 1612 quam
1537 1563 1737 1612 sequitur
1767 1563 1903 1605 Kock.
1933 1570 1992 1594 ’—

281 1633 355 1672 Vs.
390 1634 429 1672 2.
471 1634 652 1684 λυχνεῖον
686 1631 784 1681 lege
816 1641 916 1671 cum
943 1630 1028 1675 Bl..
1061 1630 1135 1679 qui
1166 1640 1231 1670 vs.
1265 1631 1291 1670 3
1324 1630 1529 1670 lacunam
1561 1631 1711 1681 explet
1747 1631 1895 1672 verbis
1923 1629 1993 1672 καὶ

281 1703 385 1752 μῆλα
415 1699 543 1751 θήσω.
576 1698 638 1739 cf.
667 1698 802 1739 Kock.
828 1721 881 1728 -—
901 1698 975 1739 Vs.
1012 1699 1080 1738 14.
1108 1698 1173 1738 Bl.
1206 1708 1381 1738 mecum
1413 1698 1602 1739 scribere
1635 1699 1755 1739 iubet
1785 1697 1916 1757 τρόπῳ
1947 1701 1994 1741 et

280 1769 416 1820 λαβεῖν
447 1778 547 1809 cum
580 1767 784 1817 Bergkio,
819 1769 865 1807 et
896 1777 960 1807 vs.
999 1767 1052 1806 16
1084 1765 1200 1805 οἴνου
1218 1788 1271 1794 -
1289 1766 1394 1806 πολύ
1425 1777 1526 1806 cum
1553 1766 1736 1818 Kockio,
1764 1768 1992 1809 Athenaeo

283 1837 344 1876 XI
375 1836 459 1877 487
479 1835 505 1875 d
537 1836 630 1875 iure
662 1835 848 1875 reddens
879 1830 938 1884 ἐφ’
974 1830 1022 1873 ὃν
1054 1843 1132 1884 pro
1164 1829 1222 1884 ἐφ’
1258 1827 1320 1873 οὗ.

224 1906 291 1945 Fr.
326 1905 396 1946 59.
429 1904 525 1944 Vid.
559 1904 613 1943 ad
645 1903 716 1954 52,
754 1904 790 1943 1.

223 1974 289 2013 Fr.
324 1973 395 2023 60,
434 1974 468 2013 1.
516 1969 682 2019 καλέσας
729 1971 776 2011 si
817 1980 952 2020 quos
993 1969 1223 2010 vocavit
1268 1970 1435 2019 optime
1474 1970 1667 2021 explicat
1706 1971 1754 2012 Ο.
1787 1970 1987 2022 Crusius;

281 2042 440 2081 melius
474 2041 607 2090 igitur
638 2039 703 2079 Bl.
735 2038 878 2086 πνίξας
909 2048 1041 2078 suum
1074 2037 1340 2078 reticuisset.

223 2109 290 2150 Fr.
324 2110 394 2150 63.
432 2107 547 2149 <ἐστι
593 2106 707 2160 γὰρ>
745 2104 766 2146 ὁ
811 2105 897 2154 κόιξ
939 2106 1003 2146 Bl.
1047 2105 1132 2146 Cur
1171 2107 1327 2156 poetae
1365 2105 1500 2147 verba
1546 2106 1847 2149 abiudicemus
1888 2117 1990 2149 cum

280 2177 444 2217 Kockio
476 2186 561 2216 non
593 2176 718 2216 video
750 2184 932 2215 causam
964 2174 1183 2214 idoneam.

223 2245 289 2285 Fr.
325 2246 394 2285 66.
427 2243 469 2283 τὸ
506 2244 723 2295 χερνιβεῖον
759 2248 927 2294 πρῶτον·
955 2238 1147 2293 ἡπομπὴ
1180 2241 1325 2293 σαφής.
1357 2242 1421 2283 ΒΙ.
1456 2243 1644 2284 coniecit
1674 2243 1722 2284 B.
1764 2236 1817 2295 ἦν
1846 2241 1988 2296 πομπὴ

281 2318 417 2362 σαφῶς
448 2314 525 2352 aut
555 2313 603 2351 Β.
635 2309 687 2363 ἣν
719 2314 876 2357 (ecce)
917 2323 957 2349 π.
988 2309 1135 2361 σαφής.
1176 2310 1332 2351 Procul
1371 2310 1501 2352 dubio
1541 2310 1674 2363 σαφής
1711 2321 1873 2353 sanum
1896 2312 1986 2364 est,

282 2380 490 2420 articulus
536 2380 787 2420 mendosus.
826 2379 924 2429 Ipse
964 2377 1220 2429 suspicabar
1259 2372 1284 2430 ἧ
1325 2379 1615 2428 (profecto)
1655 2378 1796 2432 πομπὴ
1837 2378 1989 2432 σαφής,

281 2459 390 2497 quae
447 2448 579 2488 verba
634 2446 809 2497 ambigo
865 2449 1014 2487 utrum
1064 2446 1192 2486 alteri
1238 2456 1452 2496 personae
1498 2447 1731 2489 tribuenda
1776 2448 1886 2499 sint,
1933 2457 1991 2489 an

282 2517 409 2565 priori
442 2516 750 2557 continuanda.

225 2584 289 2623 Fr.
322 2585 391 2633 68,
426 2586 466 2624 4.
514 2583 725 2634 Quidquid
768 2582 873 2622 dicit
914 2581 1055 2636 Kock,
1097 2586 1271 2633 χρηστῶς
1312 2581 1383 2622 hic
1415 2582 1613 2633 ineptum
1645 2585 1733 2634 est,
1774 2584 1819 2624 et
1858 2584 1988 2624 teneo

283 2653 394 2700 quod
444 2652 606 2692 conieci
650 2645 680 2690 ὦ
721 2646 867 2702 χρήστ’,
907 2650 979 2689 mi
1020 2648 1179 2690 bone!
1215 2671 1269 2678 —
1302 2649 1377 2690 Vs.
1425 2651 1492 2690 10.
1534 2648 1585 2689 ἄν
1625 2665 1682 2699 τις
1722 2649 1839 2699 ἄλλος
1868 2649 1988 2703 ἰχθὺς

283 2714 305 2772 ᾖ
339 2719 400 2759 Bl.
435 2719 625 2759 violenta
656 2721 700 2759 et
731 2718 878 2759 inutili
909 2717 1175 2758 coniectura.
1205 2716 1363 2769 Μικρός
1390 2717 1445 2758 ob
1470 2728 1564 2768 sqq.
1593 2718 1914 2771 necessarium,
1942 2720 1988 2760 et

282 2785 398 2836 ἰχθὺς
430 2787 556 2828 facile
603 2787 791 2827 auditur.
841 2786 927 2826 Nec
967 2795 1054 2826 non
1096 2795 1205 2835 opus
1246 2787 1316 2826 est
1358 2795 1464 2826 voce
1510 2783 1588 2825 κᾶν
1635 2787 1745 2833 (sive
1789 2782 1893 2839 κῆν).
1930 2807 1986 2816 -

284 2853 355 2893 Vs.
403 2856 467 2893 14.
520 2856 735 2904 Aenigma
780 2854 915 2894 solvit
964 2853 1104 2894 Crusii
1149 2853 1402 2894 coniectura
1445 2853 1627 2906 Σελήνης
1683 2864 1760 2904 pro
1802 2849 1988 2907 Ἑλένης,

283 2921 356 2960 sed
400 2922 584 2962 vitiosus
625 2925 694 2962 est
733 2922 999 2971 anapaestus
1040 2917 1119 2959 ἐστὶ
1159 2919 1352 2972 Σελήνης.
1394 2921 1645 2971 Legendum
1686 2931 1763 2972 per
1803 2921 1983 2964 interro—

283 2988 524 3036 gationem:

578 3057 700 3107 δῆλον
733 3056 810 3106 ὅτι,
841 3061 963 3095 ταῦτα
995 3050 1030 3095 δ’
1067 3054 1126 3096 οὐ
1157 3055 1340 3107 Σελήνης
1371 3054 1562 3108 βρώματα

575 3122 620 3170 ἃς
654 3130 768 3169 (cum
801 3123 977 3169 Cobeto)
1009 3133 1136 3173 φησιν
1166 3117 1283 3170 οὗτος
1314 3123 1501 3174 μαινίδας
1532 3121 1599 3163 καὶ
1629 3123 1849 3178 τριγλίδαςς

281 3190 404 3228 cuius
435 3192 703 3238 quaestionis
735 3192 946 3231 traditum
980 3187 1084 3230 ἐστὶν
1114 3193 1184 3232 est
1214 3191 1676 3242 interpretamentum.

225 3255 290 3295 Fr.
325 3257 394 3295 71.
444 3256 637 3297 Meinekii
683 3259 932 3298 coniectura
968 3257 1129 3310 κογχίον
1170 3273 1205 3298 τι
1247 3258 1413 3299 Kockio
1444 3269 1622 3309 prorsus
1652 3261 1838 3313 incerta,
1871 3259 1982 3301 mihi
