2216 3522
1058 246 1110 282 41

201 359 269 400 Fr.
302 361 403 401 271.
439 362 716 412 „Euphoniae
747 367 890 414 gratia
918 366 1095 405 πτίσσειν
1127 368 1330 408 dicebant
1358 370 1496 409 Attici
1526 372 1576 409 ut
1600 369 1817 408 πατάσσειν
1842 370 1962 408 πτύσ-

259 430 403 467 σεσθαι
434 431 548 469 etc.'’
579 431 645 471 ΒΙ.
678 432 737 471 At
766 433 981 471 πατάσσειν
1012 434 1198 474 atticum
1229 446 1316 476 non
1347 439 1433 486 est,
1471 437 1547 476 sed
1577 437 1724 488 παίειν,
1751 436 1932 483 πατάξαι.

199 494 402 541 Fr.„272.
444 496 666 539 Verumne
706 500 767 539 sit
805 501 1018 541 traditum
1059 505 1181 552 χωρεῖ
1205 513 1260 543 an
1292 504 1405 555 χώρει
1437 505 1605 551 (Naber)
1636 505 1682 543 in
1713 505 1796 544 hac
1825 504 1962 543 brevi·

256 563 349 602 tate
380 573 466 603 non
498 567 646 614 potest
677 567 919 608 diiudicari.

198 627 268 668 Fr.
300 629 400 680 278,
437 631 474 670 1.
522 632 605 672 Pro
645 631 749 672 ἔστιν
790 634 936 686 κρίσεις
978 636 1118 686 Kock,
1161 636 1260 675 εἰσίν
1287 637 1352 677 Bl.
1396 639 1594 678 coniecit.
1637 638 1843 678 Fortasse
1878 637 1963 676 fuit

257 695 403 748 κρίσεις
427 694 443 749 ΙΙ
464 697 563 738 εἰσὶν
587 699 663 753 γὰρ
688 698 786 752 ἡμῖν
802 700 876 741 κτὲ.
895 704 973 742 aut
989 702 1079 753 δίκη
1104 701 1120 755 ΙΙ
1142 702 1246 742 ἔστιν
1261 705 1426 756 y.—In
1443 715 1508 744 vs.
1528 706 1553 744 3
1572 703 1614 743 ἐν
1645 700 1675 759 ᾧ
1706 709 1961 754 ποιοῦμεν

256 761 325 810 τὰς
371 764 484 812 δίκας
528 766 594 806 καὶ
641 767 709 816 τὰς
749 769 908 821 γραφάς
949 770 1190 811 insolenter
1230 772 1468 812 admodum
1509 773 1674 812 dictum
1718 774 1787 812 est
1821 774 1961 810 ποιεῖν.

255 829 525 880 Expectatur
566 833 608 873 ἐν
650 831 681 890 ᾧ
721 839 901 888 λαχεῖν
943 836 1027 875 δεῖ
1060 835 1135 876 κτὲ.
1170 860 1223 866 -
1258 839 1332 878 Vs.
1367 841 1407 879 5.
1451 840 1515 879 ΒΙ.
1559 839 1633 879 cft.
1676 839 1787 879 Plat.
1830 839 1960 888 Legg.

256 897 342 938 XII
374 901 459 940 958
491 901 540 941 B.

196 965 266 1005 Fr.
292 966 398 1018 281.
433 969 472 1008 2.
507 969 588 1009 Hic
619 972 678 1016 (et
708 971 880 1020 ubique)
914 982 1015 1012 cum
1046 972 1110 1012 ΒΙ.
1145 974 1389 1022 corrigatur
1418 974 1682 1025 λυχν(ε)ιδιόν.

195 1032 265 1072 Fr.
298 1034 397 1074 283.
444 1036 561 1077 Part.
608 1037 820 1089 γενόμενος
868 1050 923 1079 ex
970 1042 1076 1080 noto
1122 1050 1206 1080 usu
1248 1041 1539 1081 Hellenistico
1562 1057 1616 1072 =
1639 1039 1962 1092 παραγενόμενος

255 1100 572 1151 interpolatum
604 1107 686 1145 est.
719 1105 781 1146 Cf.
814 1106 1005 1146 Lexicon
1036 1117 1187 1146 meum
1220 1108 1366 1157 suppl.
1392 1119 1433 1158 p.
1466 1109 1549 1148 174
1575 1110 1620 1148 et
1645 1107 1960 1157 Appendicem,

255 1178 366 1217 quae
396 1169 518 1210 brevi
548 1174 771 1223 sequetur,
804 1183 840 1213 s.
867 1184 908 1213 v.
940 1173 1162 1225 γίγνεσθαι.
1194 1175 1403 1230 δροσὶοεθ
1439 1174 1657 1227 φερόμενος
1690 1185 1799 1216 corr.
1825 1173 1959 1213 Kock.

254 1235 402 1276 Nimia
431 1238 612 1279 molitur
641 1240 705 1279 ΒΙ.
737 1251 778 1289 p.
803 1241 880 1289 60,
913 1251 994 1280 nec
1023 1241 1253 1290 vulgatam
1290 1243 1400 1281 satis
1431 1244 1611 1282 tuentur
1634 1242 1814 1291 Antiph.
1834 1242 1888 1281 35
1919 1242 1963 1280 et

256 1303 384 1343 Alex.
418 1305 519 1355 261,
556 1307 597 1356 1,
641 1317 751 1355 quos
791 1308 911 1347 locos
952 1309 1060 1347 citat
1091 1319 1130 1357 p.
1160 1309 1260 1348 306.
1294 1309 1389 1348 Non
1422 1310 1540 1349 enim
1573 1310 1758 1350 atticum
1790 1309 1963 1348 videtur

256 1369 469 1423 ybyvto'fiou
499 1372 546 1411 εἰ
554 1389 586 1420 ς.

197 1437 267 1478 Fr.
301 1438 402 1488 294,
439 1440 476 1480 1.
509 1446 578 1491 τῆς
611 1451 712 1481 cum
743 1442 909 1491 optimo
941 1442 1087 1482 codice
1118 1453 1196 1492 pro
1227 1446 1308 1490 τοῖς
1335 1443 1486 1483 Nauck
1514 1446 1559 1483 et
1584 1455 1649 1484 vs.
1669 1445 1695 1483 3
1721 1440 1828 1496 ἔγωγ’
1860 1441 1961 1494 ὁμοῦ

286 1517 334 1547 ro
366 1505 384 1546 ἐ
481 1507 503 1547 ό
564 1523 613 1548 οι.

185 1517 283 1637 Ῥικρ
299 1522 479 1615 296χῖἷτ
490 1524 591 1617 4ἔ1.
639 1577 788 1629 τήμερα
833 1588 911 1628 pro
958 1577 1128 1630 τήμερον
1167 1581 1374 1628 suspecta
1413 1579 1523 1618 mihi
1562 1579 1706 1619 lectio.
1755 1578 1965 1617 Similiter

255 1641 447 1682 iudicare
478 1644 605 1684 video
637 1644 702 1684 ΒΙ.

198 1708 268 1748 Fr.
287 1709 387 1749 303.
410 1710 562 1750 Nauck
579 1712 686 1751 citat
702 1712 807 1751 Hes.
835 1709 1043 1751 ἀνακωδ
1055 1695 1247 1751 ώνισον
1274 1713 1381 1758 (cod.
1399 1710 1724 1763 ἀνακοδήνισον)·
1741 1710 1965 1750 ἀνάσεισον.

197 1775 267 1817 Fr.
301 1777 401 1817 304.
434 1777 498 1817 ΒΙ.
533 1778 606 1817 cft.
639 1778 715 1827 Eq.
750 1779 850 1818 244.

196 1842 265 1882 Fr.
299 1843 399 1883 305.
431 1844 493 1884 De
521 1847 723 1885 extrema
753 1849 885 1886 notae
916 1848 1041 1896 parte
1073 1847 1252 1886 omnino
1284 1847 1337 1886 cf.
1369 1847 1536 1896 Nauck,
1571 1847 1666 1886 Mel.
1699 1846 1758 1884 VI
1791 1846 1859 1885 78.

197 1909 267 1950 Fr.
300 1911 402 1960 317,
437 1912 476 1951 2.
509 1912 572 1952 De
605 1913 707 1952 vino
738 1913 1019 1963 Peparethio‚
1053 1923 1265 1963 generoso
1296 1915 1347 1953 ut
1371 1914 1481 1963 h.l.‚
1509 1914 1574 1953 ΒΙ.
1602 1914 1676 1953 cft.
1704 1913 1834 1962 Soph.
1851 1911 1963 1951 Phil.

257 1978 366 2027 548;
399 1979 522 2019 Dem.
556 1981 626 2031 35,
660 1982 741 2029 353
781 1981 892 2020 Plin.
925 1981 975 2020 N.
1004 1982 1058 2020 H.
1091 1981 1151 2020 IV
1185 1982 1253 2021 72.
1288 1981 1389 2020 XIV
1421 1982 1499 2030 76;
1534 1983 1687 2021 contra
1717 1980 1843 2030 parvi
1874 1980 1961 2019 exi·

255 2045 415 2086 stimat
458 2047 683 2097 Hermipp.
728 2048 798 2098 82,
838 2049 905 2088 12.
940 2071 992 2076 —
1026 2048 1102 2087 Vs.
1142 2049 1182 2088 3.
1225 2049 1348 2088 Idem
1389 2048 1463 2088 oft.
1507 2049 1589 2088 Av.
1637 2048 1749 2088 1253
1796 2047 1964 2097 στύομαι

254 2110 498 2164 τριέμβολον.
532 2137 586 2163 -,
619 2116 788 2155 lbidem
833 2116 930 2155 sine
977 2126 1110 2155 causa
1161 2117 1348 2155 coniecit
1393 2115 1466 2155 οὐκ
1507 2126 1584 2165 pro
1626 2111 1729 2165 οὐδ’,
1772 2114 1867 2154 coll.
1910 2114 1963 2153 fr.

256 2179 344 2219 324
375 2181 427 2220 K.
461 2183 506 2221 et
535 2181 735 2222 Alexidis
765 2182 818 2224 fr.
845 2183 910 2221 III
939 2183 1021 2222 165
1045 2183 1098 2222 M.
1132 2183 1295 2222 Eodem
1327 2183 1421 2222 iure
1453 2193 1529 2232 pro
1566 2179 1662 2222 οὐδὲ
1692 2192 1758 2222 vs.
1785 2182 1810 2220 2
1843 2190 1962 2230 repo-

255 2247 397 2286 sueris
451 2247 543 2299 οὐχί
595 2249 722 2297 (quod
779 2259 934 2289 revera
978 2250 1172 2298 postulat
1219 2261 1257 2299 p.
1301 2251 1426 2298 306),
1476 2250 1554 2290 sed
1595 2250 1656 2289 nil
1698 2248 1961 2288 mutandum

255 2313 441 2354 videtur.
480 2315 574 2355 Non
615 2317 758 2365 magis
799 2317 1100 2356 necessarium
1131 2318 1237 2366 puto
1269 2318 1321 2356 fr.
1356 2318 1455 2371 318Ξ
1490 2318 1515 2356 2
1548 2327 1647 2356 cum
1680 2316 1833 2356 eodem
1865 2328 1964 2353 που-

254 2380 409 2420 λύπουν
438 2392 516 2431 pro
546 2383 782 2429 πουλύπους
814 2383 882 2429 (cf.
915 2383 1095 2429 τευθίδες
1126 2383 1288 2423 ibidem
1322 2394 1386 2423 vs.
1421 2385 1478 2433 3),
1511 2394 1592 2423 nec
1624 2393 1689 2423 vs.
1715 2384 1740 2422 3
1772 2380 1798 2433 ἢ
1830 2379 1964 2432 ὀρφώς

254 2450 347 2497 (pro
383 2446 543 2500 ὀπτᾶτ’),
588 2450 701 2498 quod
742 2451 878 2490 etiam
920 2452 1062 2490 metro
1103 2450 1179 2489 vix
1219 2451 1442 2500 convenit,
1485 2461 1567 2490 nec
1606 2461 1670 2489 vs.
1703 2451 1729 2489 6
1762 2460 1826 2498 sq.
1858 2448 1964 2488 πυόν

255 2517 301 2555 et
330 2515 528 2567 σχαδόνας
559 2527 636 2567 pro
667 2518 975 2567 nominativis,
1019 2528 1100 2557 nec
1131 2527 1197 2557 VS.
1229 2518 1255 2556 8
1287 2517 1550 2556 κοπιώσαισιν
1581 2516 1861 2569 ἐχορηγήσατε,
1891 2516 1964 2555 ubi

257 2583 414 2623 merito
445 2584 567 2624 Kock
597 2586 763 2634 recepit
793 2585 1009 2635 optimam
1041 2585 1242 2624 Meinekii
1274 2585 1643 2624 emendationem.

199 2650 268 2690 Fr.
286 2650 387 2701 318,
408 2652 448 2691 2.
473 2650 659 2703 κᾱρίδων.
686 2652 823 2693 Docet
845 2653 1005 2693 Iacobii
1023 2653 1160 2692 Index
1177 2653 1475 2701 antiquiorum
1494 2652 1759 2692 comicorum
1778 2650 1965 2700 Cratini,

259 2717 500 2769 Eupolidis,
528 2719 840 2769 Aristophanis
868 2730 966 2760 esse
983 2718 1311 2770 κᾶρΐς,καρίδος,
1337 2720 1628 2759 recentiorum
1647 2715 1967 2769 κᾱρίς,κᾱρῐδος.

202 2785 270 2824 Fr.
301 2785 401 2825 319.
435 2786 643 2835 Apposite
675 2787 738 2827 ΒΙ.
772 2787 847 2827 cft.
881 2787 1011 2837 Vesp.
1049 2789 1158 2827 1151
1194 2789 1238 2826 et
1271 2787 1371 2826 913.

200 2852 268 2892 Fr.
303 2852 462 2902 320,1
496 2864 589 2902 sqq.
629 2855 829 2894 Similem
870 2855 1022 2894 mundi
1054 2854 1283 2894 muliebris
1315 2853 1693 2893 enumerationem
1724 2863 1821 2893 esse
1854 2853 1966 2902 apud

256 2919 565 2960 Pherecratem
613 2920 655 2960 ἐν
702 2922 856 2971 Λήροις
906 2924 951 2961 et
995 2922 1185 2961 Nicostr.
1228 2921 1279 2960 fr.
1315 2922 1370 2960 33
1412 2922 1564 2959 monet
1603 2920 1668 2959 ΒΙ.
1711 2920 1784 2959 Vs.
1822 2921 1841 2959 1
1890 2920 1962 2959 cst.

257 2986 441 3027 Martial.
474 2987 536 3026 XI
568 2988 639 3038 98,
673 2990 699 3040 6
752 2988 868 3038 „Nec
917 2988 1039 3028 labra
1086 2988 1236 3037 pingui
1279 2987 1467 3026 delibate
1509 2988 1669 3026 cerato.
1676 2987 1701 3003 ”
1743 2987 1873 3026 Plura
1913 2986 1964 3025 de

259 3054 342 3094 hoc
381 3054 475 3094 loco
513 3055 630 3095 idem
662 3066 760 3105 pag.
795 3056 878 3095 307
914 3066 977 3103 sq.
1014 3078 1065 3082 —
1101 3054 1174 3093 Vs.
1210 3055 1249 3093 3.
1293 3052 1354 3093 Cf.
1397 3054 1533 3093 etiam
1564 3053 1690 3093 Phot.
1724 3051 1963 3101 ὄλεθρον·

259 3120 301 3159 τὸ
333 3122 634 3173 <κοσ>μάριον
664 3122 707 3161 τὸ
738 3125 988 3174 γυναικεῖον,
1019 3124 1067 3161 ut
1099 3122 1145 3160 Ο.
1176 3120 1412 3160 Schneider
1444 3122 1546 3159 ante
1572 3120 1626 3159 M.
1653 3120 1852 3159 Schmidt
1877 3130 1963 3158 cor-

258 3189 375 3228 rexit
415 3199 492 3238 pro
532 3188 684 3240 μόριον.
720 3212 773 3219 -
812 3190 887 3230 Vs.
925 3190 965 3239 9,
1000 3189 1096 3229 coll.
1130 3188 1371 3227 Clementis
1402 3187 1607 3236 lectione,
1641 3187 1706 3226 Bl.
1740 3187 1968 3226 continuat

262 3266 474 3305 personae
501 3258 557 3307 A,
592 3257 812 3296 coniciens
848 3256 922 3295 οὐκ
952 3255 1060 3303 fizgoi
1089 3269 1162 3293 πω.
1192 3276 1245 3283 -
1274 3254 1348 3293 Vs.
1386 3255 1436 3293 14
1470 3264 1533 3303 sq.
1578 3255 1621 3294 in
1666 3254 1819 3293 Kockii
1868 3263 1962 3293 con·
