2216 3522
1015 222 1066 260 21

220 338 420 390 κηθάριον
465 338 584 391 ἔχων,
629 352 739 390 quae
780 353 935 391 parum
977 344 1184 383 arrident.
1229 343 1273 381 Si
1316 353 1415 381 cum
1450 343 1663 382 Meinekio
1696 344 1816 382 locus
1850 344 1920 382 ubi

218 406 448 446 ludebatur
487 407 808 457 intellegendus
839 412 924 459 est,
969 411 1298 459 corrigendum:

515 474 640 514 -κάν
671 480 780 523 τοῖς
819 478 960 528 κύβοις
992 475 1114 528 ξ”στηκ
1151 477 1248 528 ἔχων
1281 476 1323 515 τὸ
1356 476 1515 526 κηθιον.

218 523 429 581 Incertior
456 505 611 583 tamen
643 545 787 583 omnis
820 546 913 584 tam
946 546 1092 585 brevis
1123 545 1362 594 fragmenti
1395 545 1658 584 emendatio.

159 609 228 649 Fr.
263 610 332 650 29.
364 610 429 650 Bl.
461 614 636 662 κεφαλῆς
669 623 745 661 pro
778 612 934 663 φήμης
972 614 1116 663 aptius
1148 623 1255 652 sane
1288 622 1420 660 quam
1454 617 1593 662 φωνῆς
1625 612 1787 659 (Kock),
1821 614 1922 661 quia

217 677 373 716 durum
405 680 475 718 eSt
505 677 810 730 ἐξανοιγομένης
842 680 1023 729 iungere
1056 691 1156 720 cum
1189 680 1398 729 δοθιῆνος.

159 743 228 784 Fr.
260 745 331 785 31.
375 745 420 784 Si
458 747 759 786 restituendus
801 749 1073 798 tetrameter,
1116 758 1214 787 cum
1266 747 1330 786 Bl.
1375 747 1450 785 vix
1490 748 1608 786 recte
1650 747 1926 796 rescripseris

217 812 548 862 κρεμβαλιάζουσι
583 819 911 863 <meroem-eg>
945 815 1094 854 Placet
1125 815 1237 853 mihi
1267 813 1419 854 Cobeti
1449 813 1655 863 suspicio.

159 879 228 919 Fr.
261 880 331 919 34.
364 881 528 920 Polluci
559 881 623 921 Bl.
656 882 798 921 reddit
828 882 982 920 λιθίδια
1014 893 1091 932 pro
1123 882 1301 921 λιθίδιοι.

159 947 229 987 Fr.
261 948 331 998 35,
370 949 406 988 1.
454 948 536 988 Pro
577 948 619 988 οἱ
654 948 728 1001 γὰρ
768 950 866 988 libri
906 950 1008 990 Ath.
1042 950 1149 989 PVL
1180 955 1258 988 νῦν
1289 949 1331 988 οἵ
1359 949 1445 1001 γάρ.
1478 950 1592 988 Hinc
1623 949 1687 989 Bl.
1722 947 1814 988 νυνὶ
1846 948 1918 1000 γὰρ

164 1070 167 1073 Ι
222 1014 430 1065 <ὤστιερ>
450 1014 671 1066 πενόμενοι.
698 1017 820 1056 Idem
848 1028 913 1056 VS.
939 1019 963 1056 2
990 1020 1109 1057 recte
1136 1017 1271 1068 βοίδια
1304 1020 1341 1063 (6
1374 1027 1414 1056 V.
1434 1017 1461 1056 l.
1479 1016 1627 1067 βοΐδια)
1655 1027 1731 1066 pro
1762 1017 1919 1067 βούδια.

159 1081 227 1121 Fr.
258 1083 328 1122 36.
362 1083 536 1133 Optime
567 1084 631 1123 Bl.
671 1085 976 1132 ,Describitun
1011 1086 1055 1123 ni
1087 1085 1228 1134 fallor,
1266 1085 1453 1133 virginis
1485 1084 1671 1123 alicuius
1702 1085 1922 1124 formosae

104 1153 116 1160 '
171 1183 174 1185 .
214 1150 480 1190 rubicundus
511 1161 724 1200 genarum
758 1152 886 1191 color.
920 1152 1176 1191 Inconsulto
1206 1152 1327 1191 Kock
1360 1152 1471 1191 coni.
1505 1150 1710 1202 ἕγχυλον.”

157 1216 226 1256 Fr.
259 1218 329 1257 37.
362 1218 479 1258 Bene
515 1219 631 1258 idem
663 1218 914 1270 πανσέληνον
946 1220 1172 1268 explicans
1202 1218 1326 1258 πλέαν
1359 1230 1384 1258 a
1416 1219 1679 1259 coniecturis
1711 1220 1920 1258 vindicat.

218 1283 391 1324 Comice
422 1285 603 1325 dictum.

156 1351 224 1392 Fr.
262 1353 332 1391 41.
381 1353 499 1392 Meas
545 1354 820 1393 coniecturas
867 1352 1052 1392 ἐνέκαπτε
1099 1356 1144 1393 et
1191 1350 1259 1392 τιν’
1313 1357 1435 1402 (quas
1489 1354 1703 1393 Meinekio
1754 1354 1920 1400 tribuit)

217 1419 370 1468 probat
399 1420 488 1468 Bl.,
521 1421 573 1460 de
606 1431 726 1460 more
758 1423 909 1460 tamen
942 1422 1034 1470 ipse
1067 1421 1153 1460 alia
1184 1431 1429 1470 proponens
1460 1432 1499 1470 p.
1534 1422 1603 1460 30.

158 1486 226 1526 Fr.
259 1487 330 1537 45,
367 1488 403 1527 1.
437 1487 640 1527 Nondum
673 1499 745 1528 me
776 1490 975 1538 poenitet
1007 1490 1302 1529 coniecturae:

209 1553 244 1592 εἰ
270 1551 304 1592 δ’
343 1554 549 1606 <ἰχθύες>
582 1550 633 1607 ἧν
660 1555 702 1595 τὸ
730 1555 844 1608 γένος
879 1557 1106 1599 <τού>των
1138 1555 1242 1598 <καὶ
1269 1555 1363 1606 ml>
1394 1555 1549 1595 τοιόνδε
1576 1556 1771 1607 μάχεσθαι
1796 1554 1869 1594 κτὲ.

217 1621 359 1662 deleto
399 1629 478 1661 τῶν
517 1621 766 1674 ἀνθρώπων,
803 1625 1071 1674 glossemate
1103 1624 1374 1674 pronominis
1405 1623 1567 1662 τούτων.
1603 1647 1653 1652 -
1688 1624 1761 1663 Vs.
1796 1625 1835 1663 3.
1869 1621 1920 1661 ἂν

218 1699 296 1739 pro
330 1686 387 1741 ἄρ’
424 1691 501 1730 vix
533 1692 652 1731 recte
683 1691 747 1731 Bl.

156 1757 225 1797 Fr.
258 1758 330 1808 46,
364 1759 404 1798 4.
439 1759 597 1799 Glover
627 1760 788 1808 repetit
819 1759 1011 1808 Emperii
1042 1760 1152 1799 coni.
1186 1758 1298 1811 ψυχὴ
1332 1755 1368 1797 δ’
1404 1757 1602 1806 ἀτέλεστος
1633 1758 1817 1805 {iussum
1844 1759 1921 1798 sed

133 1857 138 1862 .
217 1826 331 1865 haud
372 1826 467 1866 sine
507 1837 642 1866 causa
682 1827 847 1867 Kockio
890 1829 1124 1876 suspectus
1167 1829 1235 1866 est
1272 1828 1312 1866 h.
1345 1827 1374 1866 l.
1407 1837 1563 1866 versus
1604 1826 1919 1876 paroemiacus.

183 1926 185 1929 .
215 1893 420 1933 Fortasse
452 1894 687 1942 legendum
718 1893 828 1945 ψυχὴ
861 1891 898 1933 δ’
934 1892 1133 1941 ἀτέλεστος
1165 1893 1329 1933 ὕπεστίν
1360 1906 1444 1939 σοις
1481 1894 1758 1943 Ingeniosius
1789 1903 1920 1942 quam

216 1961 360 2000 verius
387 1961 451 2001 Bl.
478 1961 550 2011 τὴν
580 1960 716 2013 ψυχὴν
758 1959 801 2000 δὲ
832 1948 1038 2007 πελειάδος
1070 1962 1209 2013 ἴσχεις,
1240 1962 1353 2010 quod
1386 1962 1481 2010 ipsa
1508 1962 1718 2001 violentia
1744 1962 1920 2000 damna-

200 2031 298 2078 tur,
345 2039 425 2068 nec
471 2030 693 2078 probanda
731 2029 902 2069 inutilis
944 2030 1142 2069 eiusdem
1180 2030 1289 2068 coni.
1339 2039 1404 2068 vs.
1448 2030 1472 2068 2
1516 2027 1558 2067 ἐν
1599 2027 1725 2083 ἀκόνῃ
1766 2039 1843 2078 pro
1881 2024 1916 2066 δ’

215 2094 361 2149 ἀκουῇ,
393 2107 524 2145 quam
556 2097 782 2146 suggessit
814 2098 853 2136 ei
885 2096 1079 2136 Coraesii
1110 2097 1428 2146 interpretatio,
1459 2099 1502 2135 et
1532 2096 1645 2135 falsa
1671 2098 1739 2135 est
1765 2096 1921 2135 Mureti

215 2174 347 2212 quam
389 2165 668 2204 commendat
714 2166 965 2205 coniectura
1004 2163 1367 2216 παραθηγομένου,
1413 2165 1515 2212 quia
1555 2163 1777 2212 iungenda
1817 2167 1923 2202 sunt

219 2231 352 2270 verba
383 2230 650 2283 κάγχειριδίου
682 2232 858 2279 κοπίδος.

157 2297 226 2337 Fr.
258 2299 328 2347 47,
367 2300 406 2338 3.
440 2299 668 2338 Fortasse:
702 2297 845 2349 κνημὶς
878 2296 921 2337 δὲ
963 2296 1051 2348 περὶ
1083 2304 1290 2349 σφυροῦ
1323 2294 1466 2349 ἅρθρ’
1502 2298 1653 2349 ἴσχει.
1686 2298 1919 2347 perperam

216 2365 337 2405 Kock
360 2364 385 2404 ἀ
398 2380 418 2414 ρ
431 2380 450 2403 τ
464 2366 486 2404 ύ
499 2379 629 2415 εται,
655 2367 768 2414 quod
788 2367 969 2405 verbum
988 2366 1102 2415 apud
1119 2366 1290 2405 Atticos
1308 2376 1483 2415 semper
1500 2365 1699 2405 vocalem
1711 2365 1921 2414 producit.

158 2432 227 2472 Fr.
260 2434 390 2481 54,1.
423 2433 487 2472 Bl.
520 2432 586 2471 καὶ
618 2439 834 2484 κωπητῆρα
865 2436 941 2473 aut
972 2433 1040 2472 τόν
1073 2448 1111 2471 τε
1143 2439 1389 2484 τροπωτῆρα.
1426 2434 1469 2472 Si
1501 2433 1603 2481 quid
1635 2433 1920 2481 mutandum,

218 2510 283 2540 vs.
317 2501 342 2539 2
385 2501 538 2540 malim
579 2500 621 2540 τό
663 2515 700 2540 τε
742 2504 834 2551 (pro
865 2500 946 2547 καὶ)
977 2500 1311 2552 προσκεφάλαιον.
1348 2524 1399 2529 -
1433 2501 1506 2540 Vs.
1541 2502 1566 2540 3
1608 2510 1695 2540 non
1727 2500 1921 2549 praefero

216 2568 414 2608 eiusdem
445 2568 804 2617 supplementum
838 2567 911 2620 ἐγὼ
943 2567 1148 2620 ῥοθιάζειν
1178 2568 1363 2607 Dobraei
1397 2569 1592 2607 invento.

159 2635 226 2674 Fr.
261 2636 331 2685 58,
365 2636 390 2675 3
424 2646 487 2684 sq.
520 2636 694 2685 Bergkii
726 2637 835 2675 coni.
871 2636 1026 2685 probat
1057 2635 1143 2684 Bl.;
1177 2636 1241 2675 ita
1270 2637 1420 2675 tamen
1454 2635 1581 2674 malit
1613 2633 1719 2685 ἔχεις.

160 2703 228 2743 Fr.
262 2704 331 2752 63,
368 2705 406 2742 5.
455 2703 620 2741 πάντα
666 2703 854 2754 ταρίχη
900 2703 1241 2743 salsamenti
1285 2712 1440 2742 omne
1488 2712 1676 2751 genus.
1725 2702 1921 2741 Pessime

218 2769 361 2809 πνικτὰ
388 2771 452 2811 Bl.
486 2772 613 2811 Add.
646 2782 685 2820 p.
721 2772 820 2811 289.
844 2793 893 2798 —-
914 2771 986 2811 Vs.
1022 2773 1061 2810 6.
1096 2771 1228 2810 Recte
1255 2771 1371 2809 idem
1398 2770 1551 2818 probat
1577 2769 1759 2808 Iacobsii
1779 2779 1920 2808 emen·

218 2838 441 2878 dationem
498 2832 579 2877 αὖτ’
639 2840 914 2887 (quantocius
972 2839 1298 2887 recipiendam),
1367 2837 1462 2877 coll.
1521 2837 1677 2885 Metag.
1725 2837 1766 2875 11
1814 2838 1920 2884 75l;

219 2905 380 2946 Cratin.
423 2907 464 2945 II
512 2907 616 2954 111;
661 2907 732 2946 Ar.
777 2906 905 2955 Vesp.
954 2906 1078 2955 1015,
1123 2906 1220 2944 Pac.
1269 2906 1394 2944 1270.
1429 2926 1481 2930 ——
1516 2904 1588 2942 Vs.
1628 2905 1693 2942 12.
1727 2904 1849 2943 Licet
1878 2905 1922 2943 in

219 2974 468 3014 Atticorum
526 2975 798 3013 hexametris
844 2973 1015 3012 nullum
1063 2973 1204 3012 norim
1251 2972 1351 3010 huis
1402 2971 1603 3010 licentiae
1650 2971 1921 3020 exemplum,

219 3052 326 3081 usus
366 3044 518 3082 tamen
566 3033 789 3091 epicorum
831 3041 943 3080 satis
982 3041 1095 3079 tueri
1137 3039 1307 3078 videtur
1350 3049 1480 3086 quam
1517 3038 1773 3077 adulescens
1809 3038 1921 3078 solli-

218 3109 351 3149 citavi
391 3110 669 3159 scripturam.
703 3110 809 3148 Post
840 3107 1027 3147 ἐντεῦθεν
1060 3107 1274 3155 virgulam
1307 3115 1383 3154 pro
1416 3108 1578 3155 puncto
1611 3105 1771 3145 melius
1803 3106 1924 3155 ponit

220 3177 283 3216 Bl.
316 3199 367 3205 —
400 3177 473 3217 Vs.
511 3177 577 3217 10.
619 3177 871 3225 Legendum
914 3173 1211 3224 Κορκυραίους,
1244 3183 1354 3221 quae
1395 3174 1604 3212 constans
1651 3175 1719 3213 est
1760 3173 1923 3212 saeculi

220 3244 293 3284 Vti
325 3245 555 3294 scriptura.
583 3244 676 3284 Non
709 3243 824 3282 male
862 3242 1051 3282 fortasse
1084 3241 1147 3280 Bl.
1183 3240 1273 3287 τοὺς
1307 3242 1354 3278 Κ.
1386 3236 1421 3278 δ’
1459 3238 1492 3279 ὁ.
1526 3240 1752 3290 Ποσειδῶν,
1793 3250 1922 3288 quem
