2216 3522
1043 206 1124 247 173

252 330 321 369 est
351 326 544 368 violenta
573 320 792 377 Blaydesii
825 331 1012 372 mutatio
1044 329 1217 384 γίνωσκ’,
1249 333 1374 373 cuius
1405 333 1574 383 reliqua
1604 334 1648 375 in
1675 336 1756 376 hoc
1784 335 1835 377 fr.
1870 338 1958 377 ten-

255 397 426 436 tamina
458 396 556 436 vide
585 396 697 446 apud
731 397 890 446 ipsum.

196 465 264 506 Fr.
298 465 398 505 642.
447 466 680 515 Πολεμικοῖς
721 467 948 515 requirunt
988 468 1110 508 Kock
1147 471 1191 509 et
1222 469 1285 509 Bl.
1323 469 1387 508 Ex
1420 470 1580 510 Atticis
1612 472 1763 511 tamen
1796 473 1960 522 Thucy-

205 549 210 552 <
255 532 396 584 dides,
428 533 466 573 si
493 543 578 582 qua
603 532 783 582 optimis
815 533 937 575 libris
970 534 1096 586 fideS,
1131 537 1282 577 scribit
1314 537 1569 586 plerumque
1595 536 1641 577 τὰ
1667 537 1834 590 πολέμια
1861 544 1961 586 (res

258 601 536 651 bellicae),
570 601 683 650 quod
715 603 969 643 constanter
1000 604 1105 643 facit
1138 605 1397 644 Herodotus

197 669 265 708 Fr.
298 671 398 710 644.
431 669 666 719 Vulgatam
699 671 857 711 merito
889 675 1069 712 revocat
1100 673 1186 722 Β].,
1222 673 1294 722 qui
1327 674 1401 713 cft.
1440 675 1566 722 1093,
1605 676 1641 714 1.

197 737 265 778 Fr.
299 739 399 788 645,
439 740 475 778 1.
507 737 550 777 τὸ
581 739 703 779 καλὸν
736 738 856 781 <ὂν>
897 741 1064 780 temere
1096 741 1178 791 Β].,
1220 741 1292 789 qui
1325 752 1387 781 vs.
1418 742 1442 780 2
1470 742 1657 791 probans
1690 742 1839 783 Cobeti
1866 758 1962 795 προ-

257 804 393 855 σιδὼν,
423 807 603 856 insuper
633 810 779 848 tentat
809 813 1033 857 προσορῶν.

81 832 265 947 ss.
285 875 385 924 647,
406 875 445 914 2.
473 871 523 912 ἂν
555 869 599 914 εὖ
632 887 707 925 pro
740 874 809 915 ἐὰν
841 875 1010 925 Nauck,
1045 877 1094 914 ut
1126 875 1177 914 fr.
1213 877 1313 926 667,
1347 877 1391 924 1;
1426 877 1694 916 Philemonis
1721 878 1770 918 fr.
1806 879 1874 928 88,
1911 880 1960 927 2;

256 942 308 982 fr.
342 943 440 991 588,
479 944 515 982 1.
549 943 784 997 Vulgatam
810 944 903 992 ipse
935 943 1101 993 tuebar,
1136 954 1379 992 provocans
1412 945 1464 983 ad
1498 945 1699 984 Meinekii
1731 949 1881 985 notam
1910 947 1963 986 ad

258 1010 562 1050 Philemonem
594 1011 653 1050 IV
686 1013 756 1051 50.

197 1077 265 1117 Fr.
299 1078 398 1127 648,
436 1079 473 1117 1.
508 1079 622 1128 Lege
653 1078 990 1131 γκγ>νώσκειν.

118 1170 129 1180 ι
198 1145 266 1184 Fr.
300 1146 401 1195 653,
440 1147 476 1185 1.
524 1146 675 1186 Malim
721 1152 793 1186 τοῦ
834 1148 998 1185 καλοῦ
1039 1144 1316 1197 πεφρόντικεν.
1359 1146 1583 1187 Violenter
1624 1148 1688 1187 Bl.
1732 1153 1802 1186 τοῦ
1834 1151 1963 1195 καλῶς

260 1213 350 1263 ζῆν
396 1203 653 1264 φροντιεῖ.
697 1237 750 1242 -
788 1214 862 1254 Vs.
906 1215 945 1253 2.
994 1213 1202 1252 Activum
1249 1216 1379 1252 ποιεῖν
1425 1215 1653 1254 ostendere
1700 1216 1961 1255 Meinekium

258 1282 377 1320 recte
408 1276 434 1335 ᾗ
466 1282 705 1321 coniecisse
736 1283 890 1321 monet
920 1281 1051 1320 idem.

196 1349 264 1388 Fr.
298 1349 398 1388 654.
432 1349 596 1389 Locum
628 1360 786 1389 sanum
819 1350 940 1389 varie
972 1349 1183 1388 sollicitat
1214 1348 1298 1398 Β].,
1332 1349 1439 1388 item
1472 1350 1521 1389 fr.
1557 1352 1655 1390 655.

197 1415 265 1454 Fr.
299 1417 398 1455 656.
431 1414 513 1455 Ost.
544 1416 663 1456 idem
695 1417 746 1455 fr.
781 1417 888 1464 497;
924 1417 1034 1463 509;
1068 1415 1140 1454 Ar.
1177 1415 1354 1454 Thesm.
1389 1417 1488 1455 450.

198 1482 267 1522 Fr.
301 1483 384 1522 657
435 1482 624 1532 Euripidi
672 1485 790 1523 recte
836 1483 992 1522 tribuit
1033 1482 1201 1531 Nauck,
1246 1493 1310 1521 vs.
1354 1483 1378 1521 2
1428 1484 1646 1523 coniciens
1687 1480 1770 1523 οἶδε
1811 1483 1959 1534 φύνθ’;

261 1549 429 1600 „Causa
460 1561 536 1590 cur
567 1551 800 1591 Menandro
831 1551 1096 1590 tribueretur
1131 1561 1157 1589 a
1189 1550 1374 1590 Stobaeo
1407 1551 1490 1590 fuit
1520 1552 1665 1591 simile
1697 1553 1747 1591 fr.
1783 1554 1912 1593 261”.

203 1618 271 1659 Fr.
306 1620 407 1659 658.
558 1618 739 1671 θυγατὴρ
772 1617 1045 1671 ἐπίγαμος,
1075 1615 1150 1657 κᾶν
1182 1616 1307 1665 ἄλλως
1339 1615 1464 1669 μηδὲν
1495 1621 1622 1674 λαλῇ

555 1685 622 1725 διὰ
652 1692 723 1726 τοῦ
756 1692 912 1725 σιωπᾶν
943 1688 1104 1724 πλεῖστα
1135 1683 1225 1736 περὶ
1257 1683 1381 1736 αὐτῆς
1412 1684 1543 1741 λέγῃ.

257 1754 391 1794 Recte
421 1755 656 1802 utrumque
687 1753 869 1793 verbum
901 1753 1050 1793 sedem
1084 1754 1357 1792 commutare
1388 1753 1516 1792 iussit
1548 1753 1709 1804 Nauck,
1737 1765 1963 1804 perperam

261 1832 361 1861 vero
402 1822 588 1861 coniecit
628 1820 857 1872 ἐπίκληρος,
903 1831 1005 1860 nam
1048 1822 1198 1869 aperte
1240 1820 1309 1859 hic
1350 1821 1495 1869 agitur
1532 1821 1584 1860 de
1626 1822 1780 1869 quavis
1821 1822 1965 1871 puella

257 1889 462 1939 nubili,
495 1900 605 1938 quae
636 1889 812 1929 silentio
845 1899 973 1928 suam
1006 1889 1148 1938 prodit
1182 1889 1460 1928 modestiam.

199 1958 267 1998 Fr.
302 1959 402 2006 661,
442 1959 478 1997 1.
511 1955 674 2007 ἀληθῶς
706 1957 886 2006 requirit
920 1956 1004 2005 Β].,
1039 1966 1124 1996 11011
1158 1966 1250 2005 ego.

199 2026 268 2065 Fr.
302 2026 402 2075 662,
442 2026 477 2064 1.
525 2023 783 2076 σκληρότερος
830 2025 948 2063 recte
999 2023 1167 2072 Nauck,
1218 2023 1313 2062 coll.
1356 2023 1406 2062 fr.
1454 2024 1549 2073 189,
1590 2024 1666 2062 sed
1702 2035 1763 2063 vs.
1800 2025 1824 2063 2
1868 2026 1961 2064 sine

261 2102 394 2132 causa
424 2098 476 2146 τῷ
509 2087 546 2130 ὁ’
581 2090 693 2147 ἔργῳ.

198 2161 266 2200 Fr.
300 2161 400 2210 665,
439 2161 476 2199 1.
510 2157 718 2211 ἀλόγιστον
750 2159 871 2198 nulla
902 2159 1171 2198 necessitate
1203 2159 1267 2198 Bl.

202 2227 271 2267 Fr.
304 2229 404 2276 666,
439 2228 478 2266 2.
512 2227 632 2266 Kock
664 2225 689 2278 ἢ
720 2225 845 2265 πολλὰ
877 2231 1080 2277 φανεροῦ,
1124 2225 1293 2276 Φαῖδρε,
1323 2221 1398 2275 μετ’
1435 2222 1616 2271 ὀνείδους
1642 2226 1778 2276 λαβεῖν
1804 2227 1964 2266 melius

261 2305 392 2343 quam
425 2294 489 2333 Bl.
521 2291 546 2331 ἃ
578 2299 756 2345 φανεροῦ
788 2293 854 2332 δεῖ
878 2289 954 2343 μετ’
988 2290 1169 2339 ὀνείδους
1224 2297 1368 2331 <τοῦ>
1401 2293 1556 2343 λαβεῖν,
1586 2293 1820 2332 manifeste
1846 2294 1963 2333 enim

261 2362 450 2401 traditae
483 2361 662 2401 voculae
694 2361 759 2400 δεῖ
783 2361 855 2400 hic
886 2360 1008 2400 locus
1040 2370 1125 2399 non
1159 2362 1244 2410 est,
1279 2370 1359 2399 1100
1400 2360 1543 2408 magis
1576 2361 1821 2408 pronomini
1851 2361 1965 2400 inde·

262 2429 399 2469 finito.
442 2429 596 2469 Melius
638 2427 897 2468 coniecisset
927 2425 952 2478 ἢ
983 2427 1109 2466 πολλὰ
1147 2432 1327 2478 φανεροῦ
1361 2425 1420 2476 δὴ
1453 2423 1529 2477 μετ’
1565 2424 1745 2474 ὀνείδους
1777 2429 1963 2479 λαμβά-

262 2511 394 2544 νειν,
423 2507 533 2545 quae
565 2496 803 2536 Kockianis
836 2496 1133 2545 praetulerim.

205 2565 272 2604 Fr.
305 2566 405 2614 667,
440 2565 478 2604 2.
527 2562 761 2615 ἀνθρώποις
807 2564 973 2612 optime
1015 2565 1162 2602 tuetur
1203 2562 1267 2601 Bi.
1311 2562 1539 2601 Sententia
1581 2562 1697 2601 enim
1734 2562 1840 2601 haec
1872 2565 1960 2602 est:

263 2632 382 2680 φύσει
423 2631 497 2670 οὐκ
537 2630 615 2670 ἔστι
655 2630 783 2681 λύττης
815 2628 973 2681 ἄλγημα
1005 2631 1136 2679 μεῖζον
1169 2635 1245 2667 τῶν
1278 2627 1320 2667 ἕν
1353 2627 1586 2679 ἀνθρώποις
1618 2627 1865 2680 ἀλγημάτων.
1900 2629 1960 2669 Cf.

261 2699 489 2738 simillima
519 2698 741 2738 sententia
771 2697 1008 2746 fragmenti
1042 2697 1142 2736 668.

204 2768 271 2807 Fr.
305 2767 405 2816 670,
434 2767 473 2806 2.
506 2766 622 2805 Libri
654 2763 1019 2817 συγκεκλεισμένος,
1054 2764 1172 2803 Kock
1204 2760 1538 2815 συγκεκλῃμένος,
1569 2763 1679 2811 quod
1707 2764 1776 2801 est
1803 2764 1963 2802 veteris

264 2834 494 2883 atticismi,
523 2833 598 2873 sed
626 2832 859 2872 Menander
876 2834 920 2871 et
937 2832 1140 2879 aequales
1162 2828 1482 2882 συγκεκλειμένος
1501 2830 1728 2878 scripsisse
1746 2830 1962 2870 videntur.

206 2903 274 2942 Fr.
308 2902 408 2951 672,
443 2901 481 2940 2.
530 2900 613 2940 Pro
658 2899 849 2938 πταίοντα
895 2899 1065 2947 Nauck,
1116 2898 1212 2937 coll.
1262 2897 1440 2937 Aristid.
1480 2897 1498 2935 I
1539 2907 1578 2945 p.
1623 2897 1722 2946 810,
1765 2897 1965 2946 μύσαντα,

265 2969 422 3009 melius
454 2978 586 3016 quam
614 2966 679 3006 Β).
712 2965 931 3018 πάσχοντα,
958 2968 1033 3004 aut
1065 2963 1193 3014 ἄνδρα
1225 2959 1312 3002 τιν’
1352 2974 1413 3002 VS.
1447 2964 1482 3002 1.
1516 2963 1630 3002 Num
1657 2962 1845 3002 πταίοντα
1876 2973 1962 3003 cor·

264 3038 441 3085 ruptum
474 3044 571 3074 esse
602 3034 713 3073 satis
746 3034 918 3073 constet
950 3032 1114 3071 dubito.

205 3105 273 3143 Fr.
307 3104 407 3143 673.
441 3101 590 3141 Nauck
622 3101 695 3140 cst.
730 3100 839 3140 Men.
873 3101 1064 3139 monost.
1098 3100 1181 3137 431
1218 3099 1261 3137 et
1292 3096 1526 3136 Jamblichi
1559 3098 1764 3145 protrept.
1798 3107 1833 3135 c.
1862 3098 1930 3135 21.

205 3172 273 3210 Fr.
307 3171 407 3210 674.
451 3170 570 3208 Idem
610 3168 795 3207 coniecit
827 3166 875 3206 οὐ
907 3165 1031 3205 καλὸν
1064 3170 1177 3211 (cum
1211 3165 1255 3204 F.
1274 3165 1341 3204 W.
1362 3163 1617 3208 Schmidtio)
1651 3160 1836 3213 ἐλέγχειν,
1866 3163 1961 3202 coll.

265 3238 440 3286 Septem
477 3245 569 3285 Sap.
602 3236 792 3274 sentent.
826 3233 862 3272 V
898 3235 978 3272 111
1013 3231 1159 3279 (θέλων
1191 3230 1423 3283 ἐλέγχειν
1456 3228 1619 3281 ἀτυχίαν
1651 3228 1886 3281 σιγωμένην)
1919 3232 1963 3268 et
