2216 3522
1050 252 1102 291 51

247 376 472 427 (φληνάφα)
512 378 668 428 traxit,
711 379 899 418 fortasse
939 380 1074 428 recte,
1117 388 1223 418 nam
1267 378 1462 429 Φλεήσιον
1494 389 1570 429 pro
1606 380 1850 432 Φλε(ι)άσιον
1882 384 1949 430 (cf.

246 441 506 495 Meisterh.³,
553 455 595 495 p.
638 446 708 495 36,
742 446 792 494 3;
832 446 903 492 53)
959 446 1146 486 atticum
1192 455 1278 485 non
1321 447 1403 486 est.
1452 446 1497 486 Si
1535 448 1687 487 tamen
1728 448 1952 498 legebatur

246 512 363 561 apud
390 512 748 563 Aristophanem,
782 523 964 553 necesse
995 515 1064 553 est
1092 514 1240 553 Ionico
1273 514 1441 555 homini
1472 514 1660 555 formam
1691 516 1951 560 tribuamus.

189 577 259 618 Fr.
290 578 391 619 892.
433 580 550 620 Male
592 581 657 620 Bl.
699 579 841 630 ψόφου
882 591 959 630 pro
998 580 1201 630 ψοθοίου,
1239 581 1351 630 quod
1391 583 1508 621 recte
1538 581 1706 623 Dobree
1738 584 1782 623 in
1812 584 1952 635 ψόθου

247 646 517 697 mutaverat,
558 657 638 688 nec
681 658 780 688 cum
821 648 976 688 eodem
1004 648 1322 698 Aristophanes
1353 650 1674 698 grammaticus
1703 651 1953 702 intellegen-

247 712 332 753 dus
362 715 551 755 videtur.

188 779 259 820 Fr.
290 780 391 822 896.
558 782 603 821 αι’
630 785 816 835 γυναῖκες
847 781 917 822 τὸν
948 781 1159 834 δορίαλλον
1205 782 1554 836 φράγνυνται.

252 849 392 890 Vetus
423 850 575 891 Atthis
606 850 802 900 postulat
843 850 1191 902 φάργνυνται.
1233 851 1341 891 Pars
1379 862 1477 891 esse
1509 852 1684 893 videtur
1714 854 1956 906 Eupolidei,

248 919 320 960 cui
350 919 511 958 desunt
541 919 751 966 quattuor
781 917 978 967 syllabae
1008 938 1189 967 3-0-.
1223 918 1452 968 Suspicor:

367 985 413 1024 αἰ
439 988 626 1038 γυναῖκες
657 984 727 1025 τὸν
758 985 972 1037 δορίαλλον
1003 986 1254 1039 φάργνυνται
1291 986 1440 1041 <Micy
1470 985 1640 1039 τέχνῃ).

248 1055 372 1094 Sitne
398 1052 605 1104 δορίαλλος
632 1063 688 1093 an
720 1053 904 1106 δορίαλος
937 1064 1039 1094 vera
1068 1054 1200 1094 lectio
1230 1053 1492 1103 ambigitur;
1525 1055 1564 1095 si
1590 1056 1715 1107 haec,
1740 1058 1906 1098 vocalis
1932 1067 1956 1096 ᾱ

249 1121 383 1171 longa
412 1122 496 1160 est.

188 1189 259 1230 Fr.
291 1188 392 1239 898,
429 1189 468 1228 1.
511 1184 648 1238 ὀφλὼν
690 1189 861 1228 correxi
901 1189 1006 1228 olim
1039 1200 1116 1239 pro
1154 1187 1310 1239 ὄφλων;
1346 1190 1391 1228 in
1423 1200 1489 1230 vs.
1524 1191 1548 1229 2
1580 1190 1802 1242 περίκειμαι
1833 1194 1958 1242 gravi

249 1267 396 1298 errore
446 1256 569 1296 suasi
625 1266 702 1305 pro
759 1254 947 1307 ἐξῆμμαι;
1005 1268 1092 1297 non
1147 1258 1296 1297 minus
1342 1258 1486 1307 gravi,
1538 1259 1743 1306 quamvis
1793 1261 1957 1301 evitato

250 1325 357 1365 vitio
388 1325 590 1374 metrico,
623 1323 688 1364 Bl.
716 1321 880 1375 ἕνῆπτο,
914 1325 1027 1373 quod
1059 1325 1247 1365 absurde
1278 1325 1556 1374 coniungitur
1587 1336 1686 1366 cum
1718 1324 1804 1378 ἐγώ.
1835 1327 1958 1367 Nunc

251 1402 470 1443 propono:

580 1456 655 1511 ἐγὼ
687 1457 754 1498 διὰ
784 1464 927 1509 ταῦτα,
958 1458 1012 1509 μὴ
1044 1457 1168 1512 γέλων
1196 1456 1370 1509 ὀφλὼν
1401 1459 1534 1510 λάθω,

578 1524 668 1578 περὶ
698 1524 772 1577 τὴν
803 1525 983 1577 κεφαλὴν
1014 1525 1215 1577 τέθηκα
1245 1526 1422 1577 πηνίκην
1454 1525 1579 1577 ἐμοί.

253 1594 455 1636 Ceterum
495 1594 661 1644 optimo
700 1594 795 1634 iure
832 1594 1003 1634 dubitat
1035 1594 1157 1634 Kock
1194 1604 1301 1633 num
1334 1597 1450 1634 recte
1482 1594 1624 1643 Bergk
1655 1605 1712 1634 ex
1738 1595 1959 1635 Plutarchi

249 1663 346 1703 loco
387 1663 589 1711 Sympos.
624 1662 663 1711 3,
699 1662 724 1700 2
766 1662 1051 1711 Aristophani
1090 1662 1170 1701 hos
1202 1672 1300 1702 .vss,
1342 1662 1558 1701 tribuerit.
1590 1663 1770 1711 Antiqui
1803 1664 1959 1703 comici

250 1740 349 1771 esse
374 1730 526 1779 tradit,
555 1729 629 1778 qui
655 1729 788 1768 verba
814 1730 987 1779 citavit,
1011 1730 1328 1778 grammaticus
1353 1729 1761 1770 Darmstadtiensis.
1783 1733 1817 1769 Τ
1815 1729 1956 1781 ἔθηκα,

249 1798 454 1847 quamvis
485 1797 721 1847 incertum,
756 1797 1039 1846 aptissimum
1072 1807 1171 1837 esse
1197 1797 1266 1836 vel
1297 1798 1397 1837 inde
1429 1799 1628 1847 apparet,
1662 1798 1775 1846 quod
1806 1798 1956 1848 πηνίκη

249 1865 490 1906 vocabatur
529 1863 635 1915 κόμη
676 1847 901 1916 περίθετοέ
924 1865 1020 1904 Sive
1060 1864 1281 1916 πρόσθετος
1300 1866 1351 1914 (2)
1392 1865 1486 1904 Sive
1527 1863 1546 1904 ἕ
1556 1865 1613 1903 πί
1622 1868 1794 1915 θεῖος,
1825 1866 1863 1905 Si
1895 1866 1956 1905 ita

250 1933 428 1983 scripsit
458 1933 575 1974 idem
607 1932 945 1983 grammaticuS,
979 1943 1060 1972 nec
1090 1933 1236 1982 potius
1272 1932 1400 1982 (quod
1433 1933 1705 1979 crediderim)
1735 1931 1883 1984 λέγεται
1915 1930 1958 1971 δὲ

251 1999 403 2051 πηνίκη
433 1996 459 2050 ἡ
491 1999 772 2052 περίθετος
803 1999 919 2051 κόμη.
952 1999 1272 2040 Controversus
1304 2002 1373 2040 est
1405 2000 1527 2040 locus
1558 2001 1822 2050 Thesmoph.
1856 2002 1954 2051 257,

250 2068 326 2108 ubi
355 2067 548 2118 Euripidi
579 2068 740 2107 dicenti
771 2067 1024 2119 κεκρυφάλου
1055 2067 1121 2106 δεῖ
1145 2065 1212 2106 καὶ
1243 2067 1381 2119 μίτρας
1407 2068 1612 2117 Agathon
1643 2069 1896 2117 respondet:

820 2146 828 2154 ·
1170 2132 1240 2185 ἡδὶ
1271 2132 1343 2186 μὲν
1374 2129 1450 2174 οὖν

534 2200 739 2252 κεφαλὴ
771 2201 1078 2253 περίθετος,
1108 2198 1161 2252 ἣν
1192 2200 1268 2254 ἐγὼ
1300 2202 1455 2254 νύκτωρ
1487 2207 1600 2254 φορῶ

252 2272 303 2310 ut
330 2270 439 2319 legit
468 2270 559 2310 iam
590 2269 748 2309 Pollux
779 2270 933 2310 Onom.
967 2270 1009 2309 II
1042 2271 1112 2310 35.
1147 2270 1433 2310 Probabiliter
1464 2272 1616 2310 tamen
1648 2272 1708 2310 ibi
1740 2271 1953 2322 Meineke,

252 2337 523 2378 assentiente
554 2335 794 2387 Dindorfio,
830 2337 1040 2376 correxit:

535 2406 735 2458 κεφαλῇ
767 2403 1054 2455 περίθετον
1086 2401 1137 2454 ἣν
1168 2402 1242 2443 κτέ.

252 2471 363 2511 Nam
397 2471 626 2520 vulgatam
657 2470 890 2510 lectionem
922 2481 1011 2511 non
1042 2473 1192 2511 tuetur
1218 2471 1428 2523 περίθετον
1454 2472 1670 2523 πρόσωπον
1703 2476 1958 2522 (persona

255 2549 291 2578 s.
322 2538 497 2583 larva)
539 2538 584 2577 in
626 2538 920 2578 Aristomenis
950 2538 1002 2578 fr.
1036 2540 1061 2578 5
1095 2539 1147 2578 K.
1191 2539 1423 2579 Simillime
1455 2540 1496 2579 h.
1529 2540 1556 2579 1.
1590 2540 1659 2579 fur
1690 2540 1849 2588 aliquis
1880 2543 1958 2580 aut

254 2606 464 2646 moechus
503 2606 609 2646 dicit
648 2616 713 2655 se,
755 2616 810 2646 ne
845 2608 1168 2656 agnosceretur,
1202 2606 1328 2646 falsis
1364 2607 1534 2656 capillis
1565 2609 1695 2656 caput
1726 2618 1855 2647 suum
1887 2608 1955 2647 ab·

251 2674 537 2714 scondidisse.
569 2673 663 2713 Non
695 2674 840 2723 ipsum
872 2675 1050 2723 poetam
1083 2674 1190 2713 haec
1221 2674 1272 2713 de
1303 2676 1446 2713 semet
1477 2675 1570 2723 ipso
1596 2674 1738 2713 dicere
1763 2675 1957 2724 potuisse

253 2741 364 2781 satis
417 2743 588 2781 certum
643 2741 842 2781 arbitror.
899 2741 1057 2781 Lenior
1104 2741 1335 2780 Fritzschii
1386 2742 1635 2781 coniectura
1681 2740 1809 2791 ἐξῆψα
1854 2742 1957 2781 ferri

256 2809 424 2859 nequit,
467 2808 579 2857 quod
620 2818 707 2848 non
750 2808 898 2848 addito
938 2806 1044 2859 ἐμοί,
1085 2818 1289 2858 graecum
1326 2808 1440 2848 foret
1470 2806 1699 2859 ἐξηψάμην,
1730 2809 1806 2848 sed
1838 2810 1955 2848 enirn

256 2886 365 2916 usus
409 2876 492 2915 hac
530 2875 575 2914 in
616 2885 663 2915 re
705 2875 863 2915 suadet
901 2874 1199 2926 περιτίθεσθαι,
1236 2877 1314 2915 aut
1352 2874 1599 2926 περιτιθέναι
1641 2874 1786 2930 ἑαυτῷ,
1825 2886 1957 2924 quare

253 2940 405 2993 τέθηκα
438 2964 491 2970 -
524 2940 612 2993 ἐμοί
640 2943 827 2992 praetuli
858 2944 1112 2992 suspicatus
1144 2941 1312 2994 ἕξῆμμαι
1343 2953 1440 2982 esse
1471 2943 1743 2992 glossatoris.

199 3009 268 3050 Fr.
300 3008 443 3049 902b.
475 3009 540 3049 Bi.
582 3010 784 3059 proponit
814 3009 863 3048 σὺ
907 3005 947 3048 δ’
982 3008 1023 3048 ἐκ
1057 3009 1302 3048 ποδαποῦ
1344 3007 1661 3059 πέπλευκας,
1703 3007 1815 3048 εἶπέ
1855 3024 1958 3060 μοι,

257 3074 440 3124 πέδου;
471 3087 548 3126 pro
579 3077 698 3116 ποίου
729 3080 846 3124 τελεῖς
878 3082 947 3116 τοῦ
981 3076 1177 3126 δαπέδου,
1208 3077 1283 3116 sed
1315 3076 1435 3116 ποίου
1463 3079 1664 3127 correpta
1686 3077 1957 3127 diphthongo

255 3142 542 3183 sanissimum
584 3145 653 3184 est
693 3146 735 3183 et
776 3145 821 3183 in
854 3144 1090 3184 manifesta
1122 3144 1299 3193 parodia
1328 3144 1451 3184 locus
1482 3154 1566 3185 non
1600 3147 1669 3184 est
1700 3146 1956 3194 anapaesto;

256 3211 423 3259 reliqua
452 3211 701 3250 coniectura
732 3212 935 3259 quamvis
967 3211 1111 3260 paullo
1144 3211 1387 3260 violentior,
1421 3212 1532 3251 satis
1562 3211 1810 3261 probabilis.

200 3277 269 3318 Fr.
301 3278 401 3317 912.
437 3277 814 3327 ,Perfectissimos
845 3279 1005 3326 lyricos
1041 3278 1329 3318 chromate
1361 3288 1535 3328 semper
1566 3282 1611 3319 et
1643 3278 1799 3326 ubique
1830 3278 1959 3317 absti-
