2216 3522
1090 203 1171 240 148

248 332 314 372 Fr.
353 333 449 381 195,
488 332 523 370 1.
567 328 730 368 κάτισθι
758 328 821 367 Bl.
866 327 987 367 Idem
1020 327 1064 367 in
1106 326 1157 366 fr.
1194 326 1274 366 197
1318 326 1436 366 recte
1472 326 1622 366 tuetur
1659 323 1727 365 nal
1756 325 1860 377 κακὴ
1891 328 1936 367 et
1966 327 2010 367 in

304 401 356 440 fr.
394 400 476 439 198
510 398 702 448 praefert
731 396 967 435 lectionem
1000 391 1020 433 ὁ
1052 391 1214 445 μέλλων.

247 468 311 508 Fr.
359 468 454 508 199.
499 466 618 506 Idem
659 462 752 510 τοὺς
799 461 895 509 σοὺς
932 484 983 490 -
1017 459 1087 513 ἔχε.
1130 461 1175 501 Si
1218 471 1265 501 re
1308 470 1412 501 vera
1451 460 1575 501 locus
1614 461 1884 503 Philemonis
1921 465 2008 514 est,

304 535 516 575 articulus
547 543 654 573 sane
687 534 757 572 est
787 530 1080 571 necessarius.
1114 530 1197 570 Sed
1229 529 1282 570 cf.
1315 528 1452 569 Kock.

248 604 313 643 Fr.
348 604 447 643 200.
484 601 631 641 Malim
664 600 700 639 εἰ
731 622 784 628 -
818 598 904 651 ἔχει.
937 598 1002 639 Bl.
1035 595 1086 636 ἂν
1119 619 1177 625 —
1210 596 1288 651 ἔχῃ.

248 672 311 714 Fr.
346 672 444 710 201.
487 670 619 709 Recte
661 667 811 707 Nauck
852 661 1118 717 μεταλήψεσθ’
1153 669 1268 712 (cum
1303 665 1441 711 codd.)
1482 667 1527 705 et
1562 663 1636 717 οὐχ
1666 662 1798 718 ἕτερον
1829 666 2009 712 (dudum

304 741 405 779 ante
447 739 540 782 Bl.).
588 737 650 775 Bl.
700 735 773 775 cst.
822 734 1116 774 Horatianum
1167 732 1392 783 „Coelurn,
1435 742 1523 772 non
1564 733 1784 783 animum,
1834 735 2012 774 mutant

303 808 374 857 qui
408 809 532 846 trans
565 815 686 844 mare
719 803 946 843 currunt.”

246 875 312 915 Fr.
348 875 447 914 203.
482 873 655 922 Optime
687 870 838 911 Nauck
871 867 969 920 ἐστι,
998 867 1053 919 μὴ
1085 879 1163 919 pro
1195 866 1300 907 ἔστιν
1325 866 1363 921 ἢ.

245 943 311 982 Fr.
347 943 446 982 204.
499 939 701 980 Feliciter
742 938 806 978 Bl.
849 932 960 975 πάντ’
1005 934 1207 989 ἐλέγχεται.
1241 958 1295 965 -
1323 935 1497 987 κρίνεται
1536 946 1696 976 sanum
1729 937 1915 978 videtur.
1949 936 2012 977 De

302 1009 527 1050 sententia
569 1007 622 1047 cf.
656 1006 785 1056 Soph.
821 1005 923 1046 Oed.
957 1004 1061 1054 Reg.
1105 1005 1191 1044 614
1224 1014 1312 1053 sq.;
1355 1003 1500 1054 Eurip.
1543 1003 1717 1054 Hippoi.
1750 1005 1838 1045 428
1869 1014 1933 1055 sq.
1966 1006 2012 1045 et

308 1078 416 1117 1051
452 1086 541 1124 sqq
575 1075 790 1124 Antiopae
829 1074 881 1113 fr.
917 1074 1001 1112 222
1034 1070 1186 1121 ch.²;
1228 1072 1401 1112 Pindar.
1437 1071 1501 1112 Ol.
1533 1072 1574 1111 X
1607 1074 1663 1113 65
1695 1073 1763 1119 (cf.
1796 1072 1849 1113 fr.
1886 1073 2008 1122 136);

305 1143 516 1184 Simonid.
550 1142 600 1182 fr.
639 1143 743 1191 175;
778 1140 970 1190 Theogn.
1003 1141 1111 1188 967;
1144 1140 1255 1180 Xen.
1290 1140 1402 1180 Hell.
1435 1139 1498 1179 111
1531 1141 1573 1191 3,
1608 1141 1634 1180 2
1666 1141 1749 1181 eto.

246 1214 312 1252 Fr.
346 1212 446 1251 207.
480 1210 544 1250 Bl.
577 1212 745 1249 temere
778 1207 906 1255 νόσος.

246 1281 310 1320 Fr.
346 1280 445 1319 208.
490 1278 693 1317 Praefero
735 1276 883 1317 Cobeti
925 1275 1268 1325 explicationem
1314 1275 1470 1315 Kockii
1516 1276 1775 1327 suspicioni,
1822 1275 1900 1317 sed
1939 1275 2010 1321 vel

304 1348 452 1387 minus
483 1345 617 1395 probo
649 1344 871 1394 Blaydesii
904 1344 1206 1384 coniecturam
1244 1348 1406 1385 <πᾶν>
1441 1341 1485 1382 τὸ
1520 1340 1655 1395 θέρος,
1684 1343 1817 1396 γύναι.
1849 1343 2012 1385 Contra

302 1415 420 1455 enim
452 1412 675 1453 sententia
705 1411 951 1461 postularet
981 1409 1108 1460 μόνον
1133 1409 1176 1449 τὸ
1207 1408 1341 1462 θέρος.

246 1484 311 1523 Fr.
346 1483 445 1521 212.
480 1481 541 1521 Cf.
575 1479 723 1519 Nauck
757 1479 853 1519 Mel.
886 1478 946 1518 VI
981 1478 1077 1518 105.

246 1551 311 1590 Fr.
346 1550 446 1597 218,
481 1550 521 1587 2.
554 1554 705 1602 σεαυτῷ
743 1547 969 1587 Richards.
1005 1568 1058 1574 —
1092 1546 1165 1586 Vs.
1205 1548 1245 1586 5.
1278 1544 1327 1585 οὐ
1360 1546 1477 1586 male
1519 1546 1601 1586 del.
1643 1547 1708 1587 Β1.
1743 1569 1796 1576 -
1829 1546 1904 1588 Vs.
1940 1547 2008 1588 10.

301 1612 444 1669 {fidaei
480 1614 661 1667 ἄγκυραν
692 1614 945 1661 καθάψας
977 1611 1195 1664 ἀσφαλείας
1222 1612 1380 1653 οὕνεκα.
1398 1614 1553 1654 Procul
1569 1613 1699 1654 dubio
1716 1614 2006 1655 malesanum

300 1687 369 1725 est
399 1683 614 1731 καθάψας,
640 1682 715 1722 sed
748 1682 850 1731 quia
885 1682 1022 1722 etiam
1053 1680 1230 1730 καθιείς,
1260 1681 1371 1730 quod
1404 1682 1607 1731 proponit
1621 1681 1700 1732 Β1.,
1725 1683 1826 1732 post
1849 1679 2009 1733 ἐβάλετο

300 1752 512 1797 abundat.
545 1751 662 1791 aliud
695 1750 832 1789 latere
863 1749 1135 1789 crediderim.
1170 1771 1224 1777 —
1257 1749 1331 1789 Vs.
1369 1751 1435 1789 11.
1468 1749 1551 1789 Pro
1582 1749 1752 1805 μετάσχῃ
1781 1749 2009 1802 πνεύματος

300 1819 552 1869 φορούμενος
584 1818 705 1858 Kock
738 1817 911 1871 κατάσχῃ
939 1816 1179 1868 σφοδροῦ
1211 1814 1349 1867 μένος,
1375 1817 1438 1856 Β1.
1466 1817 1667 1868 λαβροῦ
1693 1815 1824 1868 μένος.
1851 1817 2007 1869 Quidni

300 1889 462 1938 potius,
492 1886 612 1927 nulla
638 1886 812 1925 mutata
837 1885 1004 1935 littera,
1033 1884 1260 1935 πνεύματος
1286 1890 1454 1936 φοροῦ
1480 1883 1618 1935 μένος,
1639 1885 1678 1925 si
1705 1894 1807 1925 vere
1823 1885 1940 1936 Papo
1961 1885 2006 1926 in

298 1956 438 1998 lexico
491 1954 716 1995 contendit
756 1951 885 2003 φορὸν
926 1950 1077 2003 ἄνεμον
1123 1963 1211 1993 non
1250 1954 1427 1993 tantum
1470 1953 1554 1993 dici
1582 1955 1766 1994 ventum
1813 1963 2004 1994 secun-

298 2025 438 2073 dum,
471 2023 548 2063 sed
580 2023 713 2062 etiam
749 2021 1141 2061 vehementem
1174 2023 1227 2061 et
1264 2021 1681 2071 procellosum?
1709 2021 1828 2071 Quod
1853 2022 2006 2062 tamen

297 2092 507 2141 inspectis
537 2091 645 2130 locis
676 2089 885 2129 Thesauri
918 2099 953 2128 s.
988 2099 1027 2128 v.
1061 2088 1370 2128 dubitaverim.
1412 2088 1709 2129 Nihilominus
1749 2099 1854 2129 num
1887 2089 2004 2139 quid-

296 2170 427 2209 quam
470 2159 649 2199 omnino
690 2157 942 2197 novandum
985 2156 1044 2196 sit
1085 2155 1248 2196 dubito.
1282 2156 1426 2196 Etiam
1459 2154 1614 2209 ἀγνοεῖς
1648 2166 1711 2196 vs.
1749 2157 1801 2196 14
1833 2155 2006 2197 defendi

296 2237 424 2277 posse
457 2226 630 2266 videtur
661 2226 713 2270 (si
745 2225 846 2274 quid
879 2224 1160 2274 mutandum,
1195 2235 1296 2264 cum
1328 2224 1392 2264 Bl.
1422 2224 1577 2264 malim
1608 2222 1755 2272 <τὰς>
1786 2222 2006 2276 μεταβολὰς

294 2293 507 2347 ἀγνοεῖςς),
548 2294 624 2334 sed
667 2304 732 2333 vs.
778 2294 830 2332 13
873 2307 940 2342 μοι
971 2302 1049 2342 pro
1081 2303 1142 2330 σοι
1175 2298 1295 2332 certa
1326 2294 1395 2332 est
1427 2292 1579 2333 Kockii
1611 2292 1841 2342 correctio,
1873 2291 1947 2341 qui
1978 2301 2006 2333 a

293 2363 515 2403 sententia
545 2361 771 2401 aberrasse
804 2360 977 2400 videtur
1005 2370 1274 2410 proponens:

532 2428 567 2468 εἰ
597 2426 639 2468 δὲ
671 2428 744 2479 μή,
775 2427 916 2480 γνώσει
948 2426 1116 2467 σεαυτὸν
1147 2424 1306 2467 οὐδὲν
1338 2423 1434 2466 ὅντ’
1469 2423 1567 2466 ἀλλ’
1602 2424 1628 2479 ἢ
1660 2426 1776 2466 σκιάν

292 2508 423 2547 quam
456 2497 724 2537 sententiam
759 2498 876 2536 recte
907 2497 1149 2545 agnoverat
1179 2495 1442 2535 Heimsoeth
1474 2495 1645 2535 soloece
1675 2494 1895 2535 scribens:

532 2586 600 2611 —-‚
630 2563 814 2615 γνοίης
847 2561 907 2600 ἂν
938 2561 1133 2609 αὐτοὺς
1166 2560 1260 2601 ἄλλο
1293 2559 1419 2614 μηδὲν
1450 2560 1475 2615 ἢ
1508 2562 1635 2601 σκιάν.

293 2632 525 2679 Debuerat,
563 2631 648 2671 nisi
679 2630 827 2670 fallor:

532 2721 600 2743 -,
630 2698 819 2749 γνοίης
850 2695 910 2736 ἂν
943 2695 1098 2744 ὄντας
1130 2695 1225 2736 ἄλλο
1253 2695 1380 2748 μηδὲν
1412 2694 1439 2749 ἢ
1471 2697 1598 2736 σκιάν.

294 2767 353 2806 Cf.
399 2766 603 2815 Aeschyli
643 2774 795 2815 Agam.
840 2766 925 2804 839
958 2775 1037 2814 sq.,
1070 2765 1144 2814 qui
1176 2764 1298 2805 locus
1334 2765 1579 2805 Philemoni
1611 2765 1874 2805 obversatus
1903 2773 2003 2805 esse

294 2834 476 2873 videtur.

234 2902 298 2940 Fr.
334 2903 431 2941 219.
477 2901 557 2940 Pro
599 2899 735 2940 αὐλεῖν
767 2900 961 2940 Meineke
992 2898 1146 2951 πληγὰς
1176 2900 1314 2950 λαβεῖν
1346 2900 1441 2940 coll.
1477 2900 1669 2950 Philyllii
1703 2899 1755 2942 fr.
1795 2900 1863 2940 10.
1898 2900 1997 2942 784.

291 2969 439 3008 Eubuli
476 2969 524 3008 fr.
559 2969 629 3017 60,
663 2969 703 3008 11
736 2979 772 3018 p.
811 2969 916 3016 185;
951 2968 997 3008 O.
1027 2967 1207 3008 Crusius
1238 2969 1478 3019 παρανλεῖν;
1513 2968 1730 3018 Gomperz
1760 2966 1906 3007 κλάειν.
1933 2966 1997 3009 Cf.

291 3036 455 3084 Nauck,
492 3035 585 3075 Mel.
618 3035 674 3074 VI
712 3037 807 3085 165,
842 3036 913 3075 ubi
947 3035 1100 3076 Kockii
1133 3036 1405 3076 sententiam
1438 3035 1683 3085 impugnat.

232 3103 296 3142 Fr.
332 3104 429 3151 230,
465 3106 502 3142 2.
539 3104 671 3143 Recte
703 3104 765 3143 Bl.
800 3102 1059 3154 συμπαθήσει
1092 3102 1195 3142 κακὰ
1225 3103 1385 3143 παθών.

231 3171 295 3209 Fr.
330 3172 427 3219 231,
465 3172 502 3208 2.
538 3170 675 3209 ιὶίὸωσι
707 3170 760 3221 μὴ
792 3169 942 3216 (Stob.)
975 3170 1084 3211 bene
1116 3171 1307 3221 praefert
1338 3171 1467 3211 idem.

231 3238 295 3276 Fr.
331 3238 428 3278 2532.
463 3240 500 3275 2.
535 3231 579 3275 εὖ
611 3237 759 3287 πορίζει
793 3238 923 3277 idem.
