2216 3522
0 3285 21 3522 Quum-mestun-
0 3194 13 3268 vm·-
0 3108 3 3122 „.
0 3072 5 3075 r
2 3004 4 3008 ν
6 2976 9 2982 .
2 2912 6 2915 «
2 2824 10 2836 ι

1043 214 1067 252 7

229 339 309 380 bat
336 338 512 391 φάρυγξ,
551 340 616 379 sic
656 339 774 379 enim
807 339 994 379 sonabat
1024 339 1329 378 nominativus
1359 339 1409 377 ut
1438 336 1604 388 λάρυγξ,
1634 334 1819 387 σάλπιγξ,
1848 335 1932 374 etc.

230 409 376 453 (casus
397 406 561 455 obliqui
585 405 766 458 φάρυγος
798 408 915 456 etc.),
950 407 995 446 et
1033 405 1188 445 deinde
1227 405 1266 444 τί
1293 403 1344 443 ἂν
1380 399 1678 453 <ἀντ>είποιμ’
1708 401 1783 449 ἔτη
1809 401 1885 441 Vs.
1904 402 1930 441 5

230 475 372 533 otiose
397 474 475 517 131..
496 476 547 514 nt
573 483 703 514 suam
734 474 892 524 repetit
924 474 1035 513 coni.
1066 483 1215 513 meam
1240 470 1376 511 ταυτί.’
1396 471 1628 521 Ποιήμασιν
1654 469 1736 510 del.
1763 469 1930 508 Kaibel.

169 541 241 583 Fr.
276 536 374 592 187,
410 543 431 581 1
465 552 530 591 sq.
573 541 714 581 Verba
746 551 833 581 non
864 542 1031 580 temere
1063 540 1173 579 heus
1205 539 1437 588 aliquando
1466 539 1584 579 iacta
1614 538 1659 577 in
1689 537 1931 576 Porsonum

234 610 335 650 vino
374 609 474 660 plus
514 619 653 658 aequo
684 609 1000 658 indulgentem.
1032 630 1087 634 —
1120 607 1196 647 Vs,
1238 608 1263 646 3
1309 606 1565 653 κοτυλίσκους
1605 615 1683 655 pro
1719 603 1934 650 καδίσκους

233 678 298 718 Bl.
330 677 415 718 Cur
444 678 639 726 quaeso?

172 746 242 786 Fr.
278 746 376 795 188,
410 746 450 784 2.
503 744 711 784 Sufflcere
751 744 925 784 videtur
966 744 1210 784 casauboni
1251 743 1361 784 coni.
1406 748 1475 794 τῆς
1515 740 1768 793 ἠλιθιότητός
1811 750 1926 780 <τε>

232 819 301 865 τῆς
332 811 439 863 ἐμῆς.
472 813 742 853 coniecturis
773 812 961 852 accessit
992 811 1251 851 Kaibeliana
1281 817 1348 862 τῆς
1379 809 1644 861 ἠλιθιωτάτης
1676 807 1782 859 ἐμῆς.

172 882 244 922 Fr.
278 882 376 922 190.
407 881 540 920 Recte
571 881 641 920 his
671 883 716 920 et
745 880 965 919 similibus
994 879 1121 928 locis,
1155 879 1228 918 ubi
1260 873 1337 928 ἆρα
1367 878 1545 927 ponitur
1570 878 1714 926 initio,
1747 875 1935 924 Blaydes

233 949 358 1000 ponit
395 949 573 998 signum
611 947 925 997 interrogandi.
960 969 1014 975 —-
1045 947 1197 986 Nauck
1238 947 1346 986 citat
1386 946 1615 986 Afranium
1654 946 1740 984 411
1774 954 1814 992 p.
1849 943 1932 982 217

234 1017 359 1058 Ribb.
391 1018 504 1056 tam
528 1016 724 1056 arcula
753 1018 849 1055 tua
878 1015 1039 1065 plena
1069 1016 1158 1054 est
1184 1024 1529 1054 aranearum.
1558 1013 1772 1051 Themist.
1790 1010 1937 1050 XVIII

236 1097 278 1136 p.
310 1085 393 1125 221
413 1085 461 1124 Β.
494 1084 540 1122 αἱ
566 1087 779 1134 σιτοθῆκαι
811 1081 947 1133 μεσταὶ
988 1081 1158 1134 εὐρῶτος
1190 1079 1257 1120 καὶ
1294 1079 1506 1133 ἀραχνίων.
1548 1079 1709 1119 Theod.
1741 1079 1857 1128 Hyrt
1893 1078 1937 1116 in

235 1153 414 1194 Notices
445 1154 490 1192 et
519 1153 643 1192 Extr.
678 1152 715 1190 V
747 1162 787 1201 p.
821 1151 907 1191 733
941 1148 1027 1200 ἐμοὶ
1064 1147 1107 1188 δὲ
1137 1148 1184 1188 τὰ
1216 1147 1319 1200 ἄγγη
1348 1146 1446 1188 κενὰ
1476 1146 1543 1186 καὶ
1575 1145 1774 1198 ἀραχνίων
1805 1144 1937 1197 μεστά.

237 1221 507 1274 stupendam
537 1221 621 1260 viri
651 1219 925 1260 admirabilis
955 1218 1267 1258 eruditionem!

179 1289 250 1329 Fr.
284 1289 384 1328 196.
435 1287 812 1337 „comoediam
859 1287 1065 1325 audimus
1101 1285 1152 1324 ‘in
1194 1294 1332 1334 agone
1373 1294 1489 1324 nova
1528 1282 1744 1332 quaedam
1784 1282 1939 1331 poetae

237 1357 420 1397 inventa
451 1356 759 1405 corripientem
791 1356 922 1403 atque
953 1363 1082 1393 veras
1112 1358 1183 1392 τοῦ
1211 1351 1418 1407 κωμῳδεῖν
1444 1351 1541 1390 vias
1567 1348 1940 1390 monstrantem.'’

240 1423 288 1464 Ο.
322 1422 516 1463 Crusius.

181 1492 251 1532 Fr.
288 1492 384 1532 196.
416 1491 560 1540 θάψον
590 1490 662 1530 vel
691 1488 817 1539 θάψω
847 1499 924 1538 pro
954 1487 1113 1540 γράψον
1144 1487 1242 1527 vult
1271 1486 1472 1535 Blaydes.
1505 1485 1692 1525 Multum
1723 1484 1887 1524 dubito.

184 1559 254 1599 Fr.
290 1559 388 1608 197,
424 1561 462 1598 1.
508 1560 639 1608 τυχεῖν
679 1567 756 1606 pro
796 1558 928 1607 λαχεῖν
972 1555 1039 1595 Bl.
1086 1556 1163 1594 aut
1202 1553 1443 1600 νεωσοίκους
1484 1555 1615 1604 λαχεῖν
1656 1549 1751 1592 οὐδὲ
1780 1551 1941 1598 κάννας.

243 1625 434 1668 Causam
466 1636 553 1666 non
586 1625 814 1675 perspicio.

182 1694 252 1734 Fr.
288 1693 386 1733 198.
428 1693 493 1733 Bl.
534 1689 617 1742 τᾶμ’
662 1690 738 1742 ἔπη
779 1691 949 1740 ξυνίετε,
987 1690 1156 1730 abiecto
1187 1688 1359 1742 ῥήματα,
1389 1689 1503 1738 quod
1535 1688 1701 1728 addidit
1731 1686 1941 1726 Meineke.

241 1760 325 1800 Sed
363 1760 551 1800 fortasse
593 1759 702 1798 nibil
739 1759 984 1798 addendum
1021 1760 1090 1797 est
1131 1759 1175 1797 et
1211 1757 1320 1796 nihil
1351 1756 1629 1796 mutandum.
1661 1755 1795 1794 Recte
1825 1754 1942 1793 idem

241 1828 463 1878 improbat
493 1827 647 1867 Kockii
678 1827 790 1866 coni.
820 1825 974 1864 θεαταί.

177 1896 252 1936 Fr.
288 1895 385 1945 199,
422 1896 459 1935 1.
499 1894 592 1934 Del.
624 1893 759 1934 Cobet
785 1893 995 1943 probante
1026 1892 1240 1942 Nauckio,
1280 1892 1353 1941 qui
1384 1901 1450 1930 vs.
1483 1891 1508 1929 2
1541 1891 1634 1930 iure
1666 1888 1945 1929 commendat

238 1963 475 2003 lectionem
516 1960 642 2008 τέκοις
683 1964 726 2001 et
765 1962 809 2000 in
841 1961 1161 2010 epigrammate
1194 1970 1295 1999 cum
1326 1958 1540 1999 Meinekio
1570 1958 1751 2006 requirit
1781 1954 1944 1994 ὠδώδει.

180 2031 251 2070 Fr.
284 2030 385 2070 207.
417 2030 534 2069 Ante
564 2029 630 2069 Bl.
663 2039 742 2078 ego
773 2029 964 2068 formam
997 2029 1179 2067 atticam
1211 2029 1435 2067 vetustam
1468 2024 1656 2077 βορέας
1689 2025 1786 2064 coll.
1813 2023 1943 2072 Vesp.

243 2098 357 2137 1124
382 2098 702 2137 commendavi.
731 2098 884 2147 Βορρᾶς
907 2095 1071 2135 habent
1097 2096 1290 2135 iuniores
1313 2095 1481 2134 comici.
1516 2093 1577 2133 Cf.
1605 2092 1765 2132 Iacobii
1791 2091 1942 2130 Index.

183 2165 252 2205 Fr.
286 2165 387 2214 208,
422 2165 462 2204 2.
508 2165 600 2204 Vid.
642 2164 757 2203 infra
798 2164 851 2203 ad
885 2163 1210 2203 Anaxandridis
1240 2163 1292 2201 fr.
1327 2163 1366 2201 4.
1400 2161 1473 2200 Vs.
1506 2162 1532 2200 3
1564 2170 1642 2210 pro
1674 2161 1944 2197 Διονυσοκου-

243 2233 387 2284 ρώνων
419 2233 660 2282 compluria
691 2233 836 2271 tentat
865 2231 930 2270 Bl.
962 2241 1003 2280 p.
1038 2231 1079 2271 9.

183 2300 253 2340 Fr.
287 2300 374 2339 210
405 2299 536 2339 Ludit
565 2299 630 2339 Bl.
663 2297 762 2337 ἀλλὰ
791 2298 1002 2345 παίζουσιν
1032 2295 1209 2349 λέγοντες
1250 2295 1314 2346 ,ἐς
1344 2295 1529 2347 βόθυνον
1561 2290 1763 2333 ἀπιέναι”.

184 2368 254 2407 Fr.
287 2367 388 2407 216.
421 2366 759 2418 δελεάστρ<ι>αν
790 2366 957 2405 Polluci
987 2365 1173 2404 reddidit
1203 2364 1266 2403 Bl.

185 2435 255 2474 Fr.
289 2434 389 2473 218.
422 2429 573 2484 αἴρεσθ’
608 2434 769 2473 habere
800 2432 986 2472 Bekkeri
1018 2431 1209 2470 codicem
1237 2433 1281 2470 et
1306 2430 1350 2469 in
1377 2430 1537 2470 Anecd.
1566 2429 1661 2468 Par.
1678 2428 1738 2467 IV
1754 2438 1795 2477 p.
1817 2427 1942 2476 103,1

245 2502 333 2551 legi
362 2501 526 2552 αἴρεσθε
557 2503 602 2541 et
631 2501 769 2552 λαβεῖν
801 2500 974 2539 monuit
1004 2498 1170 2538 Nauck.

187 2570 257 2610 Fr.
291 2570 391 2609 219.
434 2569 520 2608 Vix
556 2570 657 2618 apte
687 2567 865 2618 σφάδαζε
896 2567 999 2614 (imo
1031 2565 1221 2619 σφάδᾳζε)
1253 2565 1336 2613 Bl.‚
1369 2564 1443 2613 qui
1475 2566 1577 2604 ante
1608 2564 1767 2603 melius
1799 2561 1946 2612 proba-

247 2639 371 2677 verat
404 2637 679 2676 Kockianum
710 2635 915 2685 σπύρθιζε.
1528 2637 1534 2643 ’

190 2705 258 2745 Fr.
290 2705 391 2753 221,
426 2705 464 2744 2.
497 2704 666 2743 Tuebar
696 2703 909 2743 traditam
940 2701 1196 2750 lectionem,
1229 2700 1440 2749 probante
1471 2698 1536 2738 Bl.

190 2772 259 2812 Fr.
293 2772 392 2822 222,
427 2773 453 2812 3
492 2766 615 2822 ἦλθες
647 2765 721 2810 οὖν
763 2767 1009 2819 ἀσμένοις
1046 2768 1232 2816 tentavi,
1276 2768 1429 2816 postea
1471 2765 1534 2805 Bl.
1567 2759 1645 2803 ὧδ’
1683 2761 1867 2814 ἀσμένοις
1905 2764 1948 2802 et

248 2839 337 2879 alia
361 2839 576 2888 quaedam
607 2850 648 2888 p.
666 2839 712 2887 8,
746 2839 863 2877 recte
895 2837 1082 2875 haerens
1106 2836 1150 2874 in
1176 2832 1318 2883 σαφές,
1343 2833 1456 2882 quod
1483 2842 1559 2882 pro
1585 2837 1721 2880 σαφῶς
1750 2830 1832 2870 dici
1864 2839 1950 2868 non

249 2907 454 2956 potuerit.
487 2906 586 2946 Scil.
620 2906 778 2945 dicitur
809 2907 886 2944 aut
916 2898 1007 2941 οἶδα
1039 2908 1176 2950 σαφῶς
1209 2903 1286 2940 aut
1316 2900 1358 2938 τὸ
1385 2899 1521 2949 σαφές.
1554 2898 1663 2938 Male
1696 2897 1816 2937 Kock
1844 2897 1950 2936 citat

252 2974 492 3014 Photius
547 2973 616 3013 De
668 2975 822 3012 metr.
880 2982 920 3021 p.
968 2970 1067 3009 296.
1116 2968 1264 3007 Nauck
1315 2968 1437 3017 „imo
1484 2966 1646 3006 Marius
1697 2964 1865 3005 Plotius
1909 2974 1949 3013 p.

257 3042 357 3092 524,
377 3042 433 3081 20
466 3041 548 3081 K.”
686 3033 690 3035 ’

194 3110 263 3150 Fr.
297 3110 397 3149 227.
437 3109 628 3149 Pollucis
668 3107 761 3148 cod.
803 3107 929 3146 Laur.
969 3105 1151 3144 docente
1183 3102 1346 3141 Maasio
1384 3100 1514 3140 habet
1545 3100 1952 3151 λυχνοκαυστεῖν

258 3176 329 3228 μὲν
375 3176 453 3226 ἔφη
501 3177 698 3226 Κρατῖνος
745 3173 787 3213 ἐν
834 3172 1072 3226 Τροφωνίῳ,
1117 3169 1357 3219 Μένανδρος
1395 3166 1436 3207 δὲ
1478 3166 1520 3206 ἕν
1554 3166 1724 3221 Θεττάλῃ
1755 3166 1952 3216 λύχνων

259 3244 402 3293 ἁφάς.
449 3243 512 3283 Cf.
556 3242 715 3282 Herod.
761 3241 842 3279 VII
875 3242 973 3279 215.
1016 3238 1136 3277 Diod.
1170 3237 1254 3276 SIC.
1286 3235 1391 3275 XIX
1434 3235 1490 3274 20
1530 3232 1615 3279 περὶ
1651 3233 1803 3282 λύχνων
1836 3229 1953 3279 ἁφάς.
