2216 3522
1067 207 1146 245 171

226 330 295 369 Fr.
328 330 429 379 570,
463 330 503 368 3.
546 330 589 367 Si
631 339 789 368 sanum
822 331 891 368 est
920 335 1061 380 ταῦτα,
1103 329 1299 368 δύσκολον
1330 331 1383 369 ad
1415 341 1516 369 eum
1547 330 1752 379 pertinet,
1786 330 1855 368 cui
1886 339 1981 367 sua·

283 397 423 446 detur,
471 407 525 435 ne
571 396 698 435 alteri
743 395 959 446 significet
1003 408 1051 436 se
1098 400 1266 446 q'uoque
1307 398 1418 436 scire
1450 398 1561 446 quod
1598 398 1636 436 is
1668 397 1810 446 ipsum
1844 397 1983 435 celare

286 465 404 504 velit.
438 464 546 515 Quia
576 465 726 503 tamen
758 464 801 503 id
833 474 919 503 non
950 464 1092 504 facere
1123 475 1194 503 res
1225 466 1294 504 est
1323 464 1551 514 facillima,
1586 464 1733 503 nescio
1760 473 1814 502 an
1842 463 1982 501 δι’σκο-

284 529 356 571 ἷον
401 532 547 581 potius
593 531 868 571 referendum
917 532 978 571 sit
1024 532 1076 571 ad
1117 532 1333 571 celantem
1373 534 1610 581 secretum,
1654 532 1722 571 cui
1763 542 1894 580 grave
1925 531 1984 569 sit

285 601 424 639 alium
465 599 596 649 scire,
639 599 751 647 quod
792 599 886 647 ipse
920 599 1042 638 solus
1071 600 1220 639 tenere
1250 599 1332 638 sibi
1364 600 1549 639 videtur.
1583 599 1702 648 Quod
1733 599 1771 637 si
1804 600 1867 638 ita
1898 600 1982 647 est,

284 668 520 716 requiritur
550 662 698 718 βούλετ’
734 664 854 705 ἄλλον
885 665 1043 705 εἰδέναι.

226 736 294 776 Fr.
328 736 427 775 571.
460 734 611 774 Nauck
643 731 768 785 μηδὲν
799 732 995 783 ἔμπλεων,
1026 733 1186 773 melius
1218 731 1343 784 μηδὲν
1374 730 1519 780 ἐντελὲς
1550 734 1629 783 Bl.‚
1674 733 1768 772 coll.
1803 734 1875 772 Ar.
1909 732 1981 779 Eq.

290 803 416 843 1367.
456 825 505 831 -
538 802 612 842 Vs.
647 803 686 841 3.
721 801 872 840 Nauck
903 803 1024 855 λῷον,
1056 811 1137 850 ego
1168 803 1362 852 κρεῖττον,
1393 802 1437 840 et
1466 802 1532 840 sic
1562 801 1625 840 Bl.
1659 803 1736 840 aut
1767 801 1910 850 μεῖζον.

226 863 294 911 Fr.
328 871 427 919 572,
463 871 502 909 2.
535 871 647 918 Lege
678 868 1012 921 γκγ>νώσκων.

226 939 293 979 Fr.
326 939 426 988 573,
464 939 500 978 1.
535 938 824 991 Abblanditur
854 933 966 977 mihi
998 936 1137 976 altera
1168 937 1387 985 Blaydesii
1418 937 1689 976 coniectura:

609 1002 707 1060 ὀργῇ
738 1003 923 1056 λογισμὸς
959 1001 1221 1045 <οὐὸἑ>ποτ’
1257 1003 1389 1051 οὐδεὶς
1421 1005 1587 1054 φύεται,

283 1074 369 1112 nisi
400 1073 512 1121 quod
544 1072 814 1111 modulatius
843 1071 1095 1120 scripserim
1135 1068 1365 1111 <οὔ>ποτ’.

225 1141 293 1180 Fr.
326 1141 426 1190 575,
460 1141 500 1179 3.
534 1139 648 1179 Olim
680 1139 850 1178 tentavi
882 1134 1010 1177 τοῦτ’
1046 1133 1126 1176 ἴσθ’
1159 1136 1350 1189 ἀκριβῶς,
1380 1139 1456 1178 sed
1485 1139 1538 1179 cf.
1566 1140 1724 1179 Aesch.
1753 1140 1869 1178 Pers.
1899 1139 1983 1177 784

283 1201 329 1246 εὖ
359 1206 434 1259 γὰρ
466 1213 603 1256 σαφῶς
634 1203 716 1246 τόδ’
753 1205 843 1245 ἴστε.

227 1275 296 1316 Fr.
330 1276 430 1323 576,
463 1277 499 1314 1.
533 1273 846 1325 ἐπιπονώτερον,
871 1274 984 1323 quod
1002 1276 1119 1313 recte
1135 1271 1242 1314 Ellis
1259 1275 1499 1314 reddidisse
1516 1275 1687 1313 videtur
1704 1275 1745 1312 in
1764 1274 1815 1312 fr.
1842 1274 1940 1322 693,
1961 1273 1985 1310 2

283 1343 710 1382 Pseudo-menandro
747 1353 824 1391 pro
862 1341 1140 1392 εὐτονώτερον,
1172 1342 1241 1381 hic
1274 1343 1349 1381 vix
1380 1344 1532 1392 aptum
1566 1342 1748 1391 videtur,
1792 1343 1836 1380 et
1867 1350 1983 1389 prae-

283 1410 374 1450 fero
415 1410 528 1459 quod
565 1410 670 1449 olim
711 1409 918 1460 proposui
961 1405 1042 1448 ἔσθ’
1079 1407 1425 1460 ἐπιφθονώτερον,
1463 1409 1668 1458 quamvis
1699 1408 1985 1447 dissentiente

285 1478 364 1527 BL,
397 1478 470 1526 qui
501 1478 594 1526 ipse
628 1488 691 1517 vs.
725 1478 750 1516 3
783 1476 907 1517 αὐτὸν
938 1479 1107 1517 temere
1139 1479 1286 1516 mutat
1316 1478 1360 1516 in
1392 1475 1508 1516 ἐστὶν.

227 1546 294 1585 Fr.
329 1545 429 1594 578,
465 1546 504 1584 2.
546 1547 736 1596 λογισμοῦ
776 1555 852 1594 pro
883 1543 1004 1596 λόγου
1036 1541 1107 1595 μὲν
1138 1554 1366 1593 perperam
1398 1545 1462 1584 Bl.
1496 1545 1562 1583 Ad
1596 1554 1658 1582 vs.
1693 1544 1718 1581 3
1752 1543 1825 1581 eft.
1859 1541 1983 1581 Alex,

285 1613 348 1652 III
379 1613 463 1651 407
498 1614 543 1651 et
574 1613 703 1661 Soph.
736 1613 787 1652 fr.
821 1613 921 1652 681.

226 1681 295 1720 Fr.
328 1680 428 1729 580,
462 1681 503 1719 3.
537 1676 701 1729 ὠφελῶν
732 1680 828 1719 sine
860 1689 994 1719 causa
1024 1679 1158 1719 Kock.
1202 1694 1207 1698 ·

227 1748 295 1788 Fr.
329 1748 430 1787 581.
473 1747 561 1796 Ope
604 1747 734 1786 huius
774 1747 858 1786 loci
899 1747 1125 1786 Jernstedt
1163 1746 1226 1785 sic
1257 1747 1450 1785 restituit
1480 1746 1705 1794 relliquias
1736 1745 1778 1784 in
1812 1745 1986 1783 vetusto

283 1815 430 1856 codice
461 1814 682 1863 orientali,
716 1815 943 1853 asservato
974 1814 1101 1854 hodie
1132 1814 1177 1853 in
1209 1813 1471 1853 bibliotheca
1500 1812 1881 1861 Petersburgensi:

613 1880 830 1932 ἔπισ[φαλῆ
862 1879 948 1932 μὲν]
982 1881 1111 1920 πάντα
1143 1879 1425 1932 τάνθ[ρώπων·
1459 1879 1576 1931 ἔμοί.]

612 1944 759 1999 οἶμ[αι,
789 1948 901 1995 πόλις
934 1947 1011 1988 ἐστὶ
1043 1947 1110 1987 καὶ
1142 1947 1353 2000 καταφυγὴ
1386 1946 1450 1986 καὶ
1485 1947 1673 1998 νόμος,]

610 2015 674 2054 καὶ
707 2022 778 2055 τοῦ
812 2016 987 2063 [δικαίου
1019 2021 1090 2055 τοῦ
1120 2012 1149 2055 τ’
1184 2014 1328 2055 ἀδίκου
1359 2015 1508 2062 παντὸς
1541 2014 1689 2066 κριτής]

610 2081 630 2122 ὅ
663 2083 882 2134 δεσπ[ότης·
915 2083 1013 2134 πρὸς
1045 2088 1186 2122 τοῦτον
1217 2082 1283 2121 ἴσα
1315 2083 1376 2122 δεῖ
1405 2083 1475 2133 ζῆν
1509 2080 1602 2132 ἐμέ]

227 2155 295 2194 Fr.
330 2154 430 2203 591,
468 2154 504 2193 1.
542 2151 694 2205 <γὰρ>
731 2150 965 2204 διακειμένῳ
1006 2157 1136 2198 κακῶς
1178 2151 1398 2201 proposui,
1442 2150 1742 2190 consentiente
1773 2147 1986 2195 Nauckio,

285 2221 358 2269 qui
391 2222 540 2259 tamen
574 2221 667 2269 ipse
698 2219 891 2269 praefert
922 2218 976 2269 μὴ
1008 2222 1137 2266 καλῶς
1170 2219 1415 2273 διακειμένῳ.

227 2288 295 2326 Fr.
330 2287 430 2337 593,
465 2288 504 2327 2.
551 2286 678 2326 πολλά
724 2300 804 2325 τοι
845 2285 1194 2337 τίκτειλχρόνος
1241 2286 1435 2334 speciose
1476 2286 1539 2325 Bl.
1578 2307 1627 2312 —
1662 2284 1735 2324 VS.
1778 2284 1820 2322 3.
1866 2282 1987 2321 Idem

286 2354 434 2404 μύθων
475 2352 577 2406 πέρα
619 2364 696 2403 pro
738 2353 895 2400 ζώντων
927 2352 1084 2404 τρόποι,
1115 2355 1159 2392 et
1191 2353 1405 2392 eiusmodi
1438 2353 1539 2400 quid
1571 2362 1676 2391 sane
1708 2352 1986 2400 expectatur;

287 2422 364 2462 sed
396 2422 589 2462 deterret
618 2421 881 2461 mutationis
913 2421 1138 2462 violentia.

230 2490 297 2529 Fr.
330 2490 430 2538 595,
470 2491 506 2528 1.
539 2489 792 2529 Lectionem
823 2486 1030 2540 ἀχάριστος
1065 2488 1135 2527 hic
1166 2498 1263 2527 cum
1298 2487 1361 2526 Bl.
1395 2487 1691 2536 praetulerim.

230 2558 298 2597 Fr.
332 2558 431 2607 597,
466 2558 506 2596 3.
554 2563 631 2595 τῶν
678 2555 885 2607 κτημάτων
934 2556 998 2595 Bl.
1047 2557 1123 2595 aut
1169 2566 1269 2594 cum
1318 2555 1486 2594 Nabero
1527 2552 1591 2592 καὶ
1632 2553 1853 2606 καταφάγῃ.
1896 2552 1988 2590 Nisi

288 2625 400 2664 forte
456 2626 525 2664 est
578 2634 735 2663 versus
790 2623 1007 2673 politicus.
1066 2623 1175 2672 Quin
1233 2622 1350 2661 enim
1402 2622 1487 2660 seri
1543 2621 1755 2670 poetastri
1810 2621 1901 2660 sint
1946 2620 1989 2658 hi

291 2701 465 2741 versus,
510 2702 597 2731 non
640 2691 882 2740 Menandri,
927 2691 1002 2729 vix
1043 2690 1209 2738 dubito,
1252 2690 1363 2738 quod
1406 2690 1521 2728 idern
1565 2689 1682 2728 valet
1714 2689 1765 2727 de
1797 2689 1847 2727 fr.
1882 2688 1986 2736 598,

290 2760 360 2799 ubi
411 2770 476 2799 vs.
514 2760 550 2798 1.
594 2758 715 2798 Kock
762 2759 926 2798 frustra
982 2756 1046 2795 καὶ
1093 2760 1238 2805 λυποῦ,
1284 2756 1347 2795 Bl.
1391 2752 1483 2806 μηδ’
1538 2754 1644 2807 ἄλγει
1690 2756 1986 2804 coniecerunt,

290 2836 428 2875 neque
471 2826 596 2866 video
637 2826 784 2874 quidni
826 2827 916 2865 tres
960 2835 1130 2874 versuS,
1176 2824 1334 2873 quibus
1366 2824 1637 2863 Studemund
1671 2823 1814 2862 locum
1847 2823 1988 2871 auxit,

290 2894 596 2934 admittamus.

232 2962 298 3001 Fr.
332 2963 431 3011 599,
467 2962 505 3001 3.
548 2961 698 3001 Solum
740 2959 782 2999 τὸ
814 2963 922 3011 θῆλυ
955 2959 1200 2999 subiectum
1234 2969 1332 2998 esse
1363 2958 1553 2998 indicare
1587 2958 1757 2997 videtur
1792 2967 1852 2996 vs,
1891 2958 1909 2995 1
1945 2958 1989 2995 et

290 3029 556 3079 iungendum
587 3033 655 3078 τῆς
683 3033 818 3079 ’ψυχῆς
847 3034 898 3082 τῷ
931 3027 1064 3066 πάθει.
1099 3026 1292 3075 Ambigit
1327 3026 1409 3075 Bl.,
1453 3036 1531 3065 nec
1562 3035 1741 3074 prorsus
1773 3026 1892 3064 certa
1922 3027 1989 3063 est

290 3096 610 3145 interpretatio.

230 3164 297 3203 Fr.
331 3164 432 3212 602,
470 3164 506 3202 1.
540 3162 771 3211 ingeniose
798 3162 1036 3210 Headlam‚
1071 3160 1167 3200 coll.
1196 3159 1387 3199 Terentii
1414 3158 1570 3199 Heaut.
1601 3160 1668 3209 77,
1697 3159 1836 3199 Plaut.
1865 3158 1981 3198 Trin.

291 3230 391 3279 447,
427 3230 525 3279 563,
559 3228 804 3279 supplevit:
