2216 3522
815 1018 1075 1072 CAPUT
1110 1020 1484 1078 TERTIUM.

769 1345 841 1381 Ad
874 1346 1039 1383 Kookii
1068 1346 1292 1384 volumen
1320 1347 1530 1384 tertium.

266 1482 508 1527 Menandri
541 1484 592 1523 fr.
625 1484 666 1533 4,
701 1484 741 1523 3.
774 1482 884 1523 Cum
916 1483 980 1524 Bl.
1013 1483 1109 1533 lege
1141 1482 1259 1539 αὑτῷ.

265 1554 333 1592 Fr.
367 1554 407 1602 6,
445 1553 481 1592 l.
524 1550 628 1592 (καί
655 1563 780 1598 πως>
815 1549 915 1603 πρὸς
946 1551 1010 1591 Bl.

266 1621 333 1661 Fr.
369 1622 405 1661 7.
440 1621 602 1662 Graece
643 1621 815 1660 vertere
856 1619 1048 1660 Terentii
1090 1620 1222 1660 verba
1253 1623 1436 1661 conatur
1474 1620 1539 1661 ΒΙ.
1584 1620 1670 1661 Sub
1707 1621 1871 1663 codicis
1900 1621 2027 1663 Bam-

322 1689 410 1728 bini
450 1690 636 1730 lectione
671 1687 809 1727 latere
849 1689 1006 1728 notum
1045 1698 1101 1728 ex
1132 1688 1360 1738 Apostolio
1391 1688 1429 1727 V
1462 1689 1516 1729 73
1559 1688 1842 1738 proverbium
1880 1687 2053 1742 yva-ff-

320 1771 433 1809 τερον
473 1756 750 1797 <πα>ττάλου
782 1756 1007 1806 perspexit
1039 1756 1270 1797 Headlam.

263 1825 330 1864 Fr.
363 1826 404 1875 8,
442 1826 477 1865 1.
511 1825 655 1872 ὕδατος
687 1834 763 1874 pro
794 1823 1179 1871 uvd30v9·temere
1209 1824 1274 1865 Bl.

263 1892 330 1932 Fr.
367 1893 433 1942 10,
468 1894 508 1933 2.
541 1891 597 1933 ὢν
629 1891 755 1945 ἔγημα
787 1893 889 1942 post
918 1890 1114 1941 φειδωλός
1146 1901 1170 1932 e
1201 1892 1405 1933 Terentio
1436 1892 1613 1943 supplet
1642 1892 1709 1933 Bl.

263 1960 331 1999 Fr.
370 1963 434 2010 11,
470 1962 509 2001 2.
542 1959 599 2000 ὢν
630 1959 872 2011 σοφώτατος.
904 1959 968 1999 Bi.

255 2020 330 2067 Fr.
367 2029 433 2068 13.
467 2030 507 2069 3.
554 2028 703 2081 χώραν,
745 2026 841 2067 ὅταν
883 2024 926 2067 δὲ
967 2029 1045 2068 aut
1075 2032 1171 2080 γῆν,
1212 2024 1291 2067 ἀλλ’
1332 2025 1495 2068 ἐπειδὰν
1528 2028 1613 2079 BL,
1647 2038 1727 2069 nec
1759 2038 1867 2069 sane
1899 2027 2028 2070 hodie

320 2096 429 2135 mihi
470 2096 614 2146 placet
643 2095 730 2135 τινὰ
767 2099 858 2145 (pro
889 2093 974 2146 τὴν)
1017 2105 1198 2136 versum
1240 2096 1427 2136 ordiens.
1464 2093 1547 2147 Τὴν
1577 2101 1654 2149 γῆν
1684 2096 1850 2137 frustra
1879 2097 2030 2138 tuetur

323 2163 460 2214 Kock,
496 2166 545 2204 ut
575 2164 681 2204 olim
714 2163 879 2203 monui.

264 2231 330 2271 Fr.
368 2233 434 2271 17.
476 2231 591 2272 δυοῖν
632 2231 728 2278 ἴσως
757 2227 762 2283 l
791 2231 933 2282 φήλων
977 2234 1094 2278 (cum
1125 2231 1310 2278 Nabero)
1353 2232 1429 2271 vix
1460 2232 1580 2272 recte
1609 2231 1695 2283 BL,
1728 2231 1807 2272 sed
1837 2232 2030 2283 pessime

322 2296 352 2337 ὢ
383 2297 517 2351 λέγεις.
550 2300 652 2340 Loci
685 2299 896 2340 correctio
928 2310 1110 2350 prorsus
1140 2300 1320 2340 incerta.

262 2366 328 2406 Fr.
367 2368 431 2407 19.
469 2368 651 2417 „Melius
682 2367 934 2407 Priscianus
965 2367 1222 2409 Praeexerc.
1254 2378 1295 2418 p.
1328 2368 1429 2418 433,
1450 2368 1476 2408 8
1509 2370 1753 2418 possunt
1782 2368 2029 2410 divitiae

324 2437 374 2474 et
417 2436 729 2476 clementes
777 2435 998 2476 facere”
1042 2436 1207 2476 Nauck.
1246 2436 1389 2476 Minus
1419 2438 1537 2476 recte
1567 2437 1703 2486 igitur
1733 2435 1869 2477 Cobet
1897 2436 1947 2477 N.
1979 2436 2027 2477 L.

322 2514 361 2552 p.
395 2504 450 2543 85
485 2503 629 2551 καλοὺς
662 2500 764 2554 ἡμᾶς
796 2513 873 2553 pro
905 2503 1244 2555 φιλανθρώπους,
1281 2503 1378 2544 coll.
1412 2503 1463 2544 fr.
1498 2504 1599 2555 568,
1634 2505 1674 2544 3.

265 2570 329 2610 Fr.
364 2571 432 2621 23,
468 2572 507 2610 3.
542 2571 604 2611 Bl.
638 2571 710 2611 oft.
746 2571 980 2611 Sosicratis
1012 2571 1063 2612 fr.
1102 2572 1138 2622 1,
1176 2572 1244 2612 13.

264 2638 329 2687 Fr,
364 2639 433 2687 24,
471 2640 506 2678 1.
550 2637 657 2690 οὐχὶ,
698 2638 797 2679 coll.
841 2639 1001 2689 Diphil.
1035 2639 1094 2679 IV
1125 2639 1212 2679 389
1231 2639 1306 2690 M„
1348 2639 1444 2680 sine
1485 2649 1618 2680 causa
1649 2639 1734 2690 Bl.,
1767 2639 1841 2689 qui
1872 2638 2029 2681 Kookii

320 2706 595 2746 coniecturae
642 2707 686 2747 in
729 2717 791 2748 vs.
825 2708 851 2747 3
893 2707 1005 2747 alias
1044 2707 1167 2748 addit
1208 2707 1358 2747 minus
1389 2706 1649 2757 probabiles.
1692 2707 1796 2748 Mihi
1830 2707 2028 2749 maxime

320 2772 461 2821 placet
487 2773 742 2815 Bentleiana
770 2785 833 2814 vs.
868 2775 892 2814 2
920 2780 1109 2827 πορφυρᾶ
1136 2788 1175 2814 τε
1206 2775 1424 2828 στρώματα.
1443 2797 1494 2803 -
1516 2775 1591 2816 Vs.
1619 2778 1660 2817 4.
1693 2775 1801 2816 Cum
1834 2775 2028 2817 Dobraeo

320 2841 572 2889 scripserim
605 2838 878 2893 κάκτυπώματ’
913 2841 1166 2894 εὐπρόσωπα.

264 2907 329 2946 Fr.
364 2908 433 2947 27.
466 2906 765 2961 ἀμφίβληστρον
798 2912 843 2950 et
875 2920 976 2950 cum
1008 2910 1223 2952 Meinekio
1254 2908 1533 2964 περιβέβληται
1565 2911 1631 2952 Bl.

265 2974 330 3014 Fr.
365 2976 434 3015 31.
715 2976 801 3076 tn}
814 2974 882 3029 ημ’
920 2975 1021 3030 ἔχειν
1053 2977 1174 3030 χολήν
1207 2990 1249 3018 σε
1282 2978 1560 3030 καλλιωνύμου

710 3040 780 3076 πλε
800 3052 843 3076 ω.

322 3100 511 3141 Verbum
545 3103 618 3142 vix
650 3114 824 3145 sanum.
860 3105 972 3155 Lege
1004 3101 1183 3158 ἡγοῦμ’
1219 3107 1297 3146 aut
1328 3104 1420 3144 nat
1448 3101 1581 3157 φημ’.

264 3169 328 3208 Fr.
364 3169 434 3208 36.
467 3169 568 3208 ἴσσα.
601 3171 662 3211 Cf.
697 3181 813 3212 nunc
845 3172 980 3213 etiam
1015 3173 1203 3213 Herond.
1238 3173 1298 3212 111
1331 3173 1401 3213 92.

263 3236 327 3276 Fr.
363 3238 433 3275 43.
469 3237 504 3275 τί
535 3234 642 3289 τρῶε·
679 3236 921 3290 ἀκούσομαι;
951 3240 1057 3280 Ellis
1085 3240 1196 3291 apud
1225 3240 1289 3281 ΒΙ.
1322 3240 1441 3291 Quod
1462 3240 1609 3281 minus
1624 3240 1770 3295 simile
1787 3241 1857 3281 est
1871 3238 2024 3280 Teren-

2199 3200 2216 3253 ,d
