2216 3522
1081 201 1163 241 150

296 322 466 362 abiecto
496 319 617 373 ὀπόν,
647 325 698 363 ut
727 322 1009 372 glossemate.
1045 322 1155 373 Quia
1186 323 1336 362 tamen
1363 321 1479 360 iusto
1505 318 1738 360 violentior
1763 318 1875 359 foret
1900 318 2004 359 talis

299 391 528 441 correctio,
560 400 797 441 proponam
829 390 997 440 potius:

556 459 595 496 B.
627 456 1027 509 ὑπολαμβάνεις
1065 450 1206 498 <εὖ>’
1238 453 1324 495 καὶ
1355 454 1581 508 σίσαρον
1612 452 1844 506 εἰλήφαμεν.

300 524 373 564 Vs.
407 526 448 565 4.
482 525 631 565 Malim
663 523 748 564 nal
780 528 872 576 (pro
903 521 944 576 ἡ)
976 522 1129 575 φυλλὰς
1162 520 1187 575 ἡ
1221 523 1390 576 δριμεῖα.

241 593 308 632 Fr.
355 593 421 633 19.
463 593 527 633 Bl.
569 592 609 632 εἴ
642 608 678 633 τι
718 591 915 645 μαλακόν,
955 593 1100 633 citans
1138 591 1248 632 Men.
1292 591 1392 641 395,
1430 591 1477 639 13
1523 590 1625 640 440,
1659 589 1684 630 2
1727 599 1804 639 pro
1841 587 2005 629 tradito

299 655 380 698 εἶτα
411 657 548 711 paida?
584 655 614 700 ὦ
646 664 748 707 (non
779 659 980 711 μαλακόν,
1010 661 1058 700 ut
1090 660 1183 710 ipse
1215 658 1369 699 scribit
1399 668 1440 708 p.
1468 658 1584 704 340).
1618 656 1819 697 Difficilis
1844 655 1976 707 optio.

241 728 308 767 Fr.
343 728 413 768 21.
446 728 579 768 Recte
611 728 811 783 μνᾳὸάρια
842 728 1027 778 requirit
1059 728 1123 768 Bl.

240 794 308 834 Fr.
342 796 411 835 22.
445 796 566 835 Idem
598 795 695 847 πρὸς
726 793 896 847 ἑσπέραν
927 805 1171 846 perperam.

241 862 308 902 Fr.
342 863 411 913 24,
446 865 484 903 2.
533 864 736 904 violenta
781 866 849 904 est
895 864 1051 905 Kockii
1097 862 1366 913 coniectura,
1410 871 1496 911 qua
1539 859 1809 912 improbata,
1859 869 2008 901 meam

297 931 451 980 probat
485 932 548 972 Bl.
596 932 757 973 Utrum
803 947 940 980 καιτας
982 942 1038 972 an
1079 946 1225 978 καυτας
1268 931 1313 970 in
1355 930 1502 971 codice
1543 929 1728 980 legatur,
1771 937 1903 979 saepe
1930 927 2008 969 vix

298 998 519 1048 dispicias.

239 1065 307 1105 Fr.
342 1066 411 1116 32,
445 1068 485 1107 6.
528 1065 770 1119 ἀποβάλλειν
812 1067 952 1118 Kock,
996 1066 1209 1117 probante
1241 1065 1306 1106 Bl.
1339 1065 1447 1116 Ego,
1482 1066 1532 1105 ut
1561 1064 1687 1116 olim,
1721 1063 2009 1115 praetulerim

296 1138 366 1172 τοῦ
399 1133 503 1185 βίου.
524 1158 577 1164 —-
596 1135 669 1176 Vs.
707 1137 773 1176 13.
818 1140 1019 1187 συνῆκας;
1050 1134 1114 1174 Bl.
1143 1133 1206 1175 Cf.
1239 1144 1374 1184 supra
1404 1144 1444 1184 p.
1477 1134 1559 1173 124
1588 1132 1641 1173 ad
1672 1132 1724 1173 fr.
1756 1132 1854 1173 123.
1883 1131 1926 1173 8.
1953 1152 2008 1160 -

296 1200 369 1240 Vs.
399 1202 465 1241 17.
498 1200 644 1243 τοιόνδ’
681 1204 873 1253 pessime
905 1203 1042 1253 idem,
1075 1202 1190 1251 quod
1220 1202 1260 1242 si
1291 1201 1532 1252 legeretur,
1565 1200 1721 1241 statim
1752 1207 2010 1250 reponerem

297 1274 490 1308 τοιοῦτον.
510 1293 562 1299 -—
581 1270 654 1311 Vs.
674 1272 744 1311 21.
773 1270 894 1323 ἰχθὺν
921 1269 1043 1322 ξηρὸν
1061 1270 1186 1320 Ellis,
1216 1268 1339 1322 ἰχθὺν
1355 1265 1486 1309 οὐδέν’
1506 1269 1570 1310 Bl.
1587 1269 1776 1309 fortasse
1802 1268 1935 1308 recte.
1959 1289 2009 1296 —

299 1335 372 1376 Vs.
407 1337 476 1378 22.
510 1338 619 1378 Cum
653 1340 805 1379 eodem
839 1339 973 1389 probo
1005 1343 1181 1390 συνῆχας
1205 1337 1354 1388 potius
1379 1347 1512 1387 quam
1538 1339 1769 1389 συνεῖρχας,
1799 1335 1913 1386 quod
1941 1344 2011 1376 me

299 1404 508 1454 probasse
546 1407 658 1447 falso
700 1408 836 1448 refert
877 1407 941 1447 Bl.
976 1407 1070 1447 Imo
1103 1405 1339 1446 monebam
1370 1406 1611 1456 perfectum
1645 1399 1753 1457 εἴρχα
1793 1413 2012 1453 nusquam

300 1473 429 1522 ,quod
460 1475 635 1526 scirem,
669 1486 907 1516 occurrere.
945 1497 996 1504 -
1031 1474 1105 1515 Vs.
1140 1475 1209 1514 27.
1243 1468 1356 1513 οἶνον
1391 1469 1512 1515 <δ’>
1549 1473 1722 1523 requiro
1753 1482 1855 1513 cum
1885 1471 1951 1512 Bl.

252 1539 319 1579 Fr.
369 1541 438 1591 33,
472 1542 512 1582 4.
562 1536 653 1593 ἦσθ’
697 1540 718 1582 ὁ
759 1543 843 1592 Bl.,
887 1543 956 1583 cui
998 1552 1085 1583 non
1126 1542 1248 1582 favet
1288 1540 1524 1582 verborum
1556 1540 1673 1581 ordo.
1706 1540 1829 1581 Idem
1861 1538 2013 1580 τούτων

307 1618 371 1648 vs.
407 1610 432 1648 5
464 1609 780 1660 interpretatur
820 1617 899 1650 τῶν
941 1610 1209 1662 ἰχθυοπωλῶν
1242 1610 1377 1659 recte,
1420 1610 1470 1649 ut
1510 1611 1692 1659 apparet
1733 1619 1789 1649 ex
1830 1606 2012 1659 αἰτήσειε.

301 1677 350 1715 In
393 1679 664 1728 praegressis
705 1679 840 1729 igitur
882 1680 1039 1719 horum
1079 1678 1198 1718 facta
1237 1678 1322 1717 fuit
1359 1677 1541 1717 mentio.
1573 1677 1757 1718 Errabat
1786 1676 1922 1718 Kock.
1956 1697 2011 1705 --

302 1744 375 1785 VS.
410 1746 450 1785 7.
483 1746 557 1799 γάρ
590 1758 667 1797 pro
699 1745 772 1798 μέν
803 1747 993 1797 postulo.

244 1813 310 1852 Fr.
346 1813 415 1863 38,
455 1815 491 1854 1.
540 1830 606 1865 μοι
653 1816 819 1865 optime
860 1814 1000 1866 Kock,
1045 1823 1176 1864 quem
1217 1823 1448 1864 perperam
1490 1813 1630 1863 carpit
1669 1812 1735 1853 Bl.
1769 1834 1822 1841 —
1855 1811 1931 1854 Vs.
1971 1811 2012 1852 8.

302 1876 370 1918 τιν’
410 1879 539 1924 <ἂν>
577 1883 663 1932 Bl.,
697 1894 783 1923 non
814 1883 974 1923 melius
1005 1892 1138 1931 quam
1166 1881 1289 1922 Kock
1328 1878 1455 1922 <ἅν>
1490 1877 1578 1932 τιν’,
1614 1881 1704 1920 imo
1735 1880 1886 1920 minus
1922 1888 2012 1920 mo·

303 1948 463 1989 dulate.
500 1973 552 1978 —
587 1950 659 1990 Vs.
698 1953 737 1991 6.
782 1951 925 1991 Verba
964 1948 1032 1989 καὶ
1071 1947 1170 2002 λέγω
1211 1959 1299 1990 non
1340 1949 1574 2000 perspicua
1614 1949 1719 1989 sunt
1765 1946 2012 1997 Blaydesio.

304 2015 455 2056 Nonne
500 2018 582 2058 hoc
624 2019 728 2059 dicit
769 2021 919 2068 poeta:
961 2018 1099 2058 talem
1140 2017 1285 2068 legem
1326 2018 1462 2058 etiam
1500 2027 1551 2058 eo
1581 2016 1761 2056 nomine
1792 2023 2013 2055 commen·

302 2084 415 2134 dari,
448 2086 580 2136 quod,
613 2086 836 2126 sumtibus
864 2087 907 2126 in
941 2086 1107 2126 multos
1139 2095 1277 2126 annos
1309 2085 1484 2136 divisis,
1519 2083 1731 2125 Chabriae
1757 2092 2013 2123 monumen·

303 2153 399 2191 tum
431 2162 566 2201 parvo
602 2154 899 2194 constiturum
931 2154 991 2193 sit
1023 2153 1227 2193 civitati?

246 2219 313 2259 Fr.
347 2220 418 2260 43.
451 2221 669 2273 παραβάλω
703 2221 830 2262 malit
861 2222 1094 2271 Richards,
1128 2221 1225 2261 coll.
1258 2220 1491 2271 Posidippo
1524 2220 1589 2259 ΠΙ
1618 2230 1659 2270 p.
1692 2220 1794 2270 343,
1817 2218 2013 2260 1411.—

305 2285 483 2337 οὐδαμοῐ
507 2290 625 2329 recte
658 2289 721 2330 Bl.
757 2312 809 2318 -
843 2289 917 2330 Vs.
951 2290 991 2330 8.
1026 2289 1170 2329 Meum
1203 2285 1392 2340 μισθοῦσ’
1429 2288 1584 2339 probat
1611 2288 1742 2328 idem.
1778 2309 1831 2316 —
1864 2286 1939 2327 Vs.
1972 2288 2013 2328 9.

305 2354 341 2393 εἰ
368 2355 503 2407 βούλει
545 2357 793 2398 obscurum.
836 2358 1100 2408 Praegresso
1131 2357 1222 2398 iam
1254 2352 1355 2409 οἷον,
1386 2357 1463 2397 vix
1493 2354 1740 2407 significare
1771 2355 1936 2406 potest,
1967 2354 2017 2394 si

308 2423 394 2461 vis
426 2425 644 2474 exempl
661 2436 759 2466 um.
789 2426 850 2466 Bl.
880 2426 1071 2466 coniecit
1097 2422 1167 2465 ἐστ’
1199 2423 1360 2477 ἀνδρῶν
1383 2424 1453 2465 vel
1471 2423 1643 2470 (malei)
1667 2421 1861 2475 ἐμπόρων.
1884 2421 2016 2463 Aliud

306 2490 429 2530 latet.
463 2491 592 2532 Venit
624 2493 667 2533 in
700 2495 899 2534 mentem
937 2488 1079 2543 εἴποιμ’
1112 2490 1182 2544 ἄν,
1212 2492 1289 2533 sed
1315 2492 1459 2542 placet
1491 2492 1531 2531 id
1565 2490 1854 2531 mediocriter.
1883 2489 2015 2541 Quae-

308 2559 376 2597 rat
408 2558 534 2599 alius.
571 2582 622 2588 —
656 2560 730 2600 Vs.
765 2562 835 2601 23.
880 2558 1034 2600 ὑπέδυν
1077 2570 1177 2601 cum
1219 2560 1389 2601 Nabero
1421 2559 1550 2600 malit
1580 2559 1667 2610 BL,
1712 2568 1800 2599 non
1830 2567 1926 2608 ego,
1959 2579 2015 2586 —

310 2624 383 2664 Vs.
429 2626 498 2665 29.
542 2626 605 2666 Bl.
650 2627 723 2668 cst.
766 2628 1004 2678 Antiphan.
1049 2628 1112 2668 111
1156 2628 1238 2668 118
1267 2628 1321 2668 M.
1365 2629 1410 2668 et
1450 2628 1523 2667 Ar.
1566 2627 1674 2667 Ach.
1722 2626 1849 2677 1077,
1897 2627 2015 2667 recte

306 2692 495 2740 probans
522 2693 721 2734 Meinekii
751 2695 1048 2735 coniecturam
1074 2692 1314 2746 ἐξυρημένας
1330 2691 1599 2746 ἐνεουρημένα
1617 2693 1803 2734 coniecit
1819 2693 1939 2734 Ellis.
1959 2714 2012 2722 -—

310 2759 381 2799 Vs.
413 2760 481 2799 35.
512 2760 592 2801 Cft.
620 2762 683 2802 Bl.
712 2762 927 2812 Theophr.
956 2762 1083 2803 Char.
1103 2763 1174 2813 30,
1202 2764 1247 2803 et
1272 2762 1325 2802 ad
1351 2772 1416 2802 vs.
1436 2762 1489 2802 37
1515 2762 1589 2803 Ar.
1608 2761 1683 2811 Eq.
1702 2762 1742 2801 6.
1764 2783 1815 2791 --
1835 2760 1910 2801 Vs.
1947 2761 2014 2801 19.

308 2826 559 2879 εὐπορηκώς,
586 2829 612 2869 i.
631 2840 667 2869 e.
689 2829 889 2882 ⁴plenis
920 2830 1250 2881 marsupiis,
1285 2839 1438 2870 vereor
1464 2839 1519 2870 ne
1545 2829 1712 2869 frustra
1738 2828 2014 2870 sollicitetur.

312 2894 415 2935 Post
458 2900 627 2947 τριταῖος
676 2895 842 2948 ἀπαθής
888 2897 977 2937 fere
1028 2898 1255 2939 abundant
1299 2897 1505 2949 εὖοδηκώς
1553 2897 1624 2937 vel
1670 2895 1897 2948 εὖπλοήσας
1943 2896 2015 2938 vel

310 2962 604 3014 εὐπεπλευκώς,
634 2976 745 3015 quae
777 2966 975 3007 coniecta
1006 2968 1130 3015 sunt3
1165 2967 1271 3007 illud
1303 2969 1456 3007 contra
1483 2966 1766 3017 aptissimum
1799 2967 1881 3006 est.

254 3030 319 3069 Fr.
354 3031 422 3080 44,
460 3034 496 3071 1.
539 3033 602 3073 131.
645 3034 696 3074 de
738 3034 869 3075 verbo
902 3035 975 3075 eft.
1009 3036 1080 3086 64,
1114 3036 1139 3075 4
1174 3037 1218 3075 et
1250 3034 1519 3085 Lycophron.
1553 3035 1663 3083 trag.
1699 3034 1737 3084 2,
1774 3037 1813 3084 4,
1847 3035 2015 3075 temere

312 3101 489 3138 tentans
528 3098 827 3152 ἑκλελεγμένοις.
859 3124 911 3131 -
947 3102 1020 3143 Vs.
1054 3103 1094 3143 4.
1128 3102 1249 3143 Idem
1282 3100 1397 3158 ἐπῇξε
1423 3112 1523 3142 cum
1557 3101 1774 3142 Erfurdtio
1805 3100 2013 3152 praefert,

314 3166 405 3215 ipse
442 3170 591 3207 tamen
624 3179 870 3219 proponens
901 3168 1052 3221 ἔπειτα,
1090 3170 1167 3210 sed
1209 3170 1340 3210 verbo
1382 3180 1491 3220 opus
1530 3171 1611 3210 est.
1643 3193 1694 3199 —
1724 3169 1796 3210 Vs.
1825 3172 1864 3210 5.
1903 3169 2013 3211 Cum

314 3234 464 3274 codem
498 3237 670 3284 requiro
704 3234 728 3275 τ’
765 3236 900 3285 αὐτοῖς
932 3248 1008 3288 pro
1039 3238 1204 3285 τούτοις.
