2216 3522
1099 231 1181 271 198

255 353 483 407 Euangoli
515 355 565 395 fr.
605 357 638 405 1,
680 358 715 395 1.
748 353 931 407 τέτταρας
968 359 1181 397 <θεῖναι>
1218 355 1409 407 τραπέζας
1436 356 1500 397 Bl.
1529 357 1683 397 Melius
1708 360 1838 397 ποιεῖν
1864 357 2019 399 inserit

313 422 521 462 Meineke.
564 422 624 463 Cf.
658 422 950 472 τραπεζοποιός.
980 446 1032 453 -
1061 424 1134 464 VS.
1163 425 1202 464 3.
1236 424 1433 474 βούλομαι
1462 422 1537 476 γὰρ
1569 424 1633 464 Bl.
1665 425 1782 465 Nihil
1812 435 1936 475 opus.
1963 447 2015 455 —

315 489 388 530 Vs.
421 491 462 530 4.
505 489 624 538 αὐτὸς
662 490 836 541 σούξερῶ
870 491 1005 542 idem,
1039 492 1115 532 sed
1148 493 1277 542 longe
1309 492 1594 543 praeferenda
1625 492 1787 533 tradita
1817 492 1946 534 lectio
1975 494 2021 534 et

312 567 492 606 prorsus
518 557 686 597 inutilis
712 560 781 598 est
807 559 1006 599 eiusdem
1032 560 1284 600 coniectura
1309 560 1446 610 λαβεῖν
1467 570 1544 610 pro
1560 558 1656 612 γένη
1675 571 1739 601 vs.
1758 562 1798 601 5.
1815 560 1954 601 —Vs.
1976 561 2017 601 8.

312 620 375 679 ᾤ’,
404 622 575 676 ἄμητας,
607 631 788 676 σησαμᾶς
821 626 951 666 idem.
986 627 1081 667 Non
1113 627 1284 667 accedo.
1311 649 1356 654 —
1387 627 1461 667 Vs.
1500 610 1566 694 lp.
1600 626 1796 679 ἐπαίρειν,
1825 628 1920 669 scil.
1946 626 2019 679 τὴν

312 695 437 744 χεῖρα,
468 694 575 733 bene
607 694 934 744 interpretatur,
969 694 1064 734 coll.
1098 695 1172 735 Ar.
1205 695 1279 744 Eq.
1316 695 1443 745 1130,
1489 695 1561 734 ubi
1602 697 1671 736 est
1702 695 1885 736 verbum
1916 695 2018 736 sim·

314 759 427 808 plex.
470 759 532 799 Cf.
576 761 712 800 etiam
755 762 940 810 Lysistr.
985 762 1071 802 799
1115 760 1349 810 κάνατείνας
1380 763 1560 802 λακτίσαι
1592 765 1637 803 et
1667 763 1827 804 Herod.
1859 762 1901 803 II
1935 763 2018 804 162

312 827 364 866 de
406 827 625 877 Cambyze
657 826 805 880 ἐπάρας
847 830 954 876 (scil.
987 829 1056 869 τὸν
1088 828 1220 882 ἕτερον
1252 830 1374 877 πόδα)
1405 828 1664 882 ἀπεματάισε,
1697 830 1831 871 verba
1861 829 2021 871 iniuria

311 895 553 935 sollicitata
584 906 610 935 a
641 895 815 937 Cobeto.

252 993 550 1048 Thugenidis
581 996 631 1035 fr.
667 998 706 1036 2.
739 996 822 1038 Cft.
855 998 919 1038 Bl.
953 999 1026 1039 Ar.
1060 999 1173 1039 Plut.
1207 999 1307 1049 983,
1351 999 1460 1039 locis
1497 999 1694 1039 collectis
1721 1010 1747 1040 a
1772 999 1938 1040 Kockio
1968 998 2021 1040 de

311 1065 537 1113 proverbio
571 1065 615 1104 in
649 1065 700 1105 fr.
735 1068 759 1104 4
793 1065 961 1106 addens
993 1067 1265 1107 Aristaeneti
1298 1077 1364 1117 ep.
1398 1067 1417 1106 I
1449 1067 1519 1107 27.

253 1162 454 1218 Callippi
488 1164 539 1204 fr.
577 1166 613 1213 1,
650 1165 675 1203 2
709 1165 773 1205 Bl.
817 1165 944 1206 Add.
988 1177 1028 1215 p.
1064 1167 1150 1206 343
1198 1164 1245 1205 τὰ
1291 1165 1479 1218 κοττάβια
1526 1167 1630 1213 (imo
1677 1167 1898 1219 κοτταβεῖα)
1943 1172 2023 1207 τῶν

309 1237 526 1282 παρουσῶν
559 1228 595 1270 δ’
632 1228 704 1278 (θ’)
738 1247 787 1283 ην
800 1244 895 1271 <τιν
939 1230 1030 1274 αν>
1064 1230 1069 1287 Ι
1097 1231 1198 1288 θέλῃ
1239 1236 1356 1280 (cum
1389 1233 1620 1279 Meinekio)
1651 1233 1824 1285 φιλήσει.
1857 1234 1943 1275 Sed
1974 1232 2022 1274 τὰ

309 1299 495 1349 κοττάβια
528 1300 631 1348 quin
663 1303 782 1340 recte
814 1311 891 1350 pro
922 1300 1191 1350 glossemate
1224 1301 1384 1342 habeat
1415 1301 1538 1342 Kock
1569 1312 1657 1370 non
1693 1302 1863 1352 dubito,
1897 1302 2023 1343 cuius

313 1357 438 1406 valde
471 1367 634 1407 arridet
666 1367 776 1407 mihi
808 1369 1075 1408 coniectura.

255 1463 449 1519 Crobyli
482 1467 532 1507 fr.
567 1470 607 1507 4.
1210 1468 1368 1507 πάλιν
1398 1465 1424 1520 ἡ
1457 1474 1527 1508 τοῦ
1558 1468 1651 1520 βίου

776 1534 946 1588 ὑγρότης
978 1550 1025 1585 με
1056 1541 1128 1575 τοῦ
1161 1542 1236 1575 σοῦ
1267 1534 1508 1587 τέθαιφε.

315 1603 423 1652 Quia
471 1603 708 1643 manifesto
754 1603 893 1643 falsae
941 1606 1048 1643 sunt
1088 1604 1364 1645 coniecturae
1404 1603 1592 1655 τέτυφε
1637 1604 1814 1654 (Mein),
1861 1602 2026 1655 τέθλιφε

314 1671 510 1719 (Herw.),
552 1669 705 1720 τέτριφε
737 1671 834 1717 (Bl.)
875 1674 921 1711 et
952 1683 1008 1712 ex
1040 1673 1258 1712 Athenaei
1290 1672 1436 1712 verbis
1467 1674 1649 1723 apparet
1678 1682 1780 1712 eum
1811 1672 1884 1722 qui
1917 1672 2026 1713 haec

314 1738 505 1787 loquitur
546 1738 730 1778 alterius
767 1750 979 1788 personae
1020 1740 1245 1780 licentiam
1278 1740 1572 1790 admirari,
1606 1739 1878 1780 redeundum
1908 1739 2023 1780 vide·

314 1809 386 1845 tur
427 1806 480 1845 ad
523 1805 771 1847 Casauboni
801 1808 1090 1858 sententiam,
1125 1807 1360 1857 Crobylum
1394 1808 1566 1848 dedisse
1598 1806 1803 1857 τέταφε,
1833 1807 2024 1858 rapuit

315 1874 367 1913 in
400 1874 859 1924 admirationem,
894 1884 1023 1915 usum
1057 1876 1258 1924 perfecto
1276 1875 1510 1915 transitivo
1537 1875 1823 1924 quantumvis
1847 1873 2025 1916 insolito

314 1941 439 1980 iuxta
493 1941 774 1981 intransitivo
831 1941 1007 1993 τέθηπα,
1059 1943 1172 1992 quod
1220 1943 1403 1983 verbum
1452 1943 1624 1993 epicum
1670 1943 1937 1983 recoxerunt
1979 1941 2025 1982 in

314 2008 460 2047 soluta
506 2009 701 2048 oratione
750 2010 988 2057 sequiores.
1038 2010 1235 2050 Primum
1277 2010 1540 2050 vocabulum
1582 2010 1731 2060 procul
1773 2009 1902 2051 dubio
1941 2009 2026 2051 fuit

316 2077 454 2126 πάλαι,
490 2076 566 2116 sed
609 2078 757 2116 utrum
788 2077 911 2115 πάλαι
943 2077 966 2116 δ
1015 2078 1322 2127 corrigendum
1354 2077 1413 2117 sit
1446 2087 1547 2118 cum
1579 2078 1756 2128 Bothi0‚
1789 2088 1845 2118 an
1878 2079 2024 2128 potius

316 2144 438 2181 πάλαι
469 2140 499 2196 y’
537 2154 621 2183 non
655 2143 804 2192 liquet.

257 2211 325 2250 Fr.
363 2212 402 2250 5.
555 2210 705 2262 Λάχης.
739 2212 781 2249 Β.
814 2209 907 2264 ἐγὼ
940 2209 993 2251 δὲ
1024 2211 1124 2261 πρὸς
1155 2210 1208 2251 σέ,
1242 2215 1295 2263 A,
1324 2212 1485 2265 πρόαγε.
1519 2213 1561 2251 Β.
1593 2215 1684 2260 ποῖς

317 2278 468 2327 Recte,
502 2279 547 2317 ni
573 2278 712 2329 fallor,
746 2279 984 2320 Headlam:

555 2345 711 2397 Λάχης,
741 2345 836 2398 ἐγὼ
868 2345 927 2397 δὴ
960 2350 1037 2388 aut
1068 2346 1162 2399 ἐγὼ
1196 2346 1302 2396 ὅδε,
1333 2350 1383 2388 ut
1415 2348 1607 2389 Herond.
1641 2349 1659 2387 I
1692 2350 1732 2389 3.

317 2412 398 2452 Cft.
434 2413 572 2453 Plaut.
607 2414 736 2453 Poen.
766 2414 871 2463 279;
906 2415 1081 2456 Mercat.
1119 2417 1216 2456 131.
1250 2416 1318 2456 Ita
1349 2426 1434 2456 non
1467 2427 1576 2466 opus
1607 2418 1676 2456 est
1708 2417 1911 2456 lacunam
1938 2419 2023 2457 sta-

317 2483 438 2520 tuere
471 2492 572 2521 cum
605 2481 818 2522 Meinekio
851 2484 955 2523 ante
989 2483 1140 2535 Λάχης.

261 2549 325 2588 Fr.
360 2550 400 2597 6,
435 2549 473 2588 2.
507 2548 571 2588 Bl.
604 2550 834 2598 transponi
866 2550 1011 2590 iubet:

675 2619 820 2668 ταύτης
852 2615 946 2670 ἐγὼ
978 2617 1032 2669 μὰ
1064 2617 1133 2658 τὸν
1166 2614 1232 2657 Δί’
1268 2616 1357 2670 οὐχὶ
1389 2617 1601 2657 κατέλιπον

675 2682 807 2723 οὐδέν.

319 2752 426 2801 Quia
468 2761 569 2791 vero
610 2751 827 2792 Athenaei
870 2753 961 2793 cod.
996 2755 1033 2791 A
1065 2753 1196 2794 habet
1228 2751 1346 2804 λέγω,
1377 2755 1422 2793 et
1453 2753 1771 2803 particularum
1803 2751 1846 2792 δέ
1876 2755 1922 2794 et
1950 2753 2025 2806 γάρ

318 2820 360 2859 in
409 2820 646 2868 posteriore
691 2821 936 2860 sententiae
994 2823 1117 2870 parte
1164 2821 1323 2871 positio
1370 2820 1686 2861 recentioribus
1732 2821 1912 2862 comicis
1957 2823 2025 2862 est

318 2886 682 2937 familiarissima,
716 2887 857 2927 tutius
888 2897 988 2927 cum
1016 2888 1181 2928 Kockio
1206 2897 1443 2937 sequemur
1479 2886 1749 2928 Dindorssum
1781 2885 1876 2941 ἐγὼ,
1905 2898 2023 2936 prae·

320 2955 463 3003 posita
494 2954 650 2994 vocula
682 2951 737 3003 d',
766 2954 1089 3003 relinquentem
1122 2957 1222 3005 post
1251 2954 1474 2994 κατέλιπον.

266 3022 329 3060 Fr.
364 3023 403 3069 9,
438 3023 477 3061 3.
521 3022 701 3073 πιθήκου
735 3044 787 3051 -
821 3022 1062 3074 δυστυχοῦς,
1108 3023 1310 3063 Simiae
1342 3043 1398 3050 —
1433 3022 1719 3073 misellae,
1763 3033 1848 3073 quo
1889 3033 2024 3064 sensu

318 3089 418 3128 alibi
462 3091 635 3138 ponitur
667 3090 873 3140 δύστηνος.
907 3090 1000 3130 Non
1033 3090 1191 3131 haereo
1224 3100 1325 3130 cum
1357 3090 1422 3131 Bl.
1456 3090 1500 3130 in
1532 3090 1774 3142 δυστυχοῦς,
1803 3090 1879 3131 sed
1911 3090 2024 3141 trag·

322 3160 519 3196 mentum
554 3168 639 3198 non
671 3158 814 3207 magis
846 3158 1053 3208 intellego
1084 3168 1216 3207 quam
1250 3157 1385 3199 Kock.

263 3255 442 3299 Nicolal
484 3258 533 3298 fr.
572 3260 590 3297 1
626 3269 689 3308 sq.
727 3259 809 3299 Pro
841 3256 1015 3315 ἀκουσίῳ
1044 3255 1050 3312 Ι
1078 3257 1208 3315 δίφρῳ
1249 3257 1468 3307 quondam
1499 3258 1704 3308 proposui
1744 3255 1900 3315 ἐξαισίῳ
1924 3257 2024 3316 δίνῳ
