2216 3522
1100 222 1184 261 180

315 358 400 388 non
441 358 558 396 esse,
601 346 714 386 satis
743 343 1026 395 probabiliter
1061 344 1246 384 coniecit
1282 341 1336 391 ὡς
1369 342 1601 396 Εὖχαρίδης
1631 346 1710 386 aut
1740 344 1816 386 οὐκ
1847 344 2022 400 Εὐχαρί-

315 415 388 467 δης
410 430 481 462 —-;
522 414 618 455 coll.
652 413 780 463 Vesp.
815 411 915 452 678.
958 410 1140 462 Χαρίδης
1185 421 1293 451 sane
1334 411 1531 452 nondum
1571 414 1795 463 repertum
1832 414 2020 465 videtur,

312 484 389 523 sed
425 481 620 533 Χαρείδας
654 479 942 521 Mantinensis
972 479 1134 530 legitur
1165 478 1270 520 Coll.
1299 480 1319 520 I
1355 480 1465 521 1181
1500 482 1545 520 et
1576 480 1783 534 Χαριάδης
1816 482 2022 532 frequens

314 553 383 590 est
414 559 574 590 nomen
607 549 814 598 atticum,
848 557 928 587 nec
960 557 1046 588 non
1080 547 1244 599 Χαρίας.

172 637 177 662 ,ι
256 619 322 659 Fr.
357 616 456 667 248,
485 619 525 658 5.
560 618 641 657 Pro
672 615 838 667 μάχιμος
870 616 1074 666 proposui
1104 614 1235 668 λίχνος
1268 617 1344 656 aut
1375 614 1544 668 μάργος,
1573 616 1651 656 sed
1677 615 1785 657 iliud
1810 616 2022 668 praefero.

256 685 322 726 Fr.
357 687 456 733 250,
487 688 527 725 4.
574 685 623 724 In
665 682 719 723 ἔτι
761 684 857 724 iure
901 683 1128 724 offendens
1158 683 1223 724 Bl.
1266 683 1455 724 coniecit
1492 685 1755 736 τραγημάτων
1786 681 1924 725 δοτέον
1963 686 2025 733 (et

314 754 401 794 alia
432 754 581 793 minus
612 751 864 802 probabilia)
897 752 943 790 et
973 751 1238 791 πλακούντων
1255 752 1318 798 (ῗ).

256 821 323 861 F'r.
358 821 456 860 252.
496 815 650 863 <ἐστ’>
673 812 716 858 εὖ
745 829 845 858 cum
880 818 1064 861 Vindob.
1099 818 1241 860 Trinc.
1269 819 1355 870 Bl.,
1388 819 1465 860 sed
1495 820 1615 860 recte
1644 829 1693 860 se
1719 818 1851 860 habet
1875 815 2023 871 ὀρθῶς.

257 889 324 928 Fr.
359 889 459 928 253.
715 882 924 938 Ἀφροδίσι’
962 880 1032 939 ἦγε
1063 890 1148 935 ταῖς
1179 885 1351 940 ἑταίραις
1382 884 1408 939 ἡ
1440 886 1566 935 πόλις·

717 951 826 1006 ἕτερα
859 951 903 993 δὲ
933 954 1051 1007 χωρίς
1083 952 1163 994 ἔστι
1193 957 1278 1003 ταῖς
1309 952 1550 1008 ἐλευθέραις.

714 1024 799 1069 ταῖς
829 1018 995 1075 ἡμέραις
1026 1022 1188 1070 ταύταις
1219 1019 1263 1062 δὲ
1294 1021 1490 1075 κωμάζειν
1521 1020 1648 1070 ἔθος

716 1088 883 1139 ἔστιν,
912 1089 1073 1141 νόμος
1103 1104 1152 1130 τε
1181 1089 1272 1138 τὰς
1303 1088 1519 1141 ἑταίρας
1551 1088 1700 1130 ἐνθάδε

719 1157 966 1208 <μεθύειν>
1003 1153 1091 1208 μεθ’
1127 1154 1253 1209 ἡμῶν.

315 1226 384 1265 Sic
425 1226 569 1266 editur
610 1236 710 1266 cum
750 1226 931 1266 Porsoni
972 1225 1299 1276 supplemento,
1342 1226 1419 1266 sed
1450 1228 1706 1278 suspectum
1738 1227 1849 1267 mihi
1879 1227 1950 1267 est
1978 1228 2024 1267 et

314 1304 637 1343 supervacuum
674 1293 796 1344 νόμος
827 1307 866 1332 τε
897 1294 942 1333 et
981 1291 1085 1332 ἔστιν
1116 1295 1378 1344 usurpatum
1410 1304 1487 1344 pro
1519 1294 1766 1335 necessario
1797 1293 2021 1346 encHtico,

314 1361 426 1409 quod
454 1372 558 1401 num
592 1371 771 1401 versum
803 1360 935 1401 ordiri
966 1361 1108 1410 possit
1139 1361 1305 1401 dubito.
1339 1361 1549 1411 Quocirca
1578 1361 1725 1402 locum
1753 1371 1838 1402 non
1864 1361 2024 1403 lacuna

314 1429 509 1469 laborare
536 1429 612 1469 sed
644 1429 790 1478 potius
822 1428 1159 1478 interpolatione
1192 1428 1376 1469 credens
1408 1428 1607 1479 suspicor
1629 1430 1807 1479 poetam
1829 1428 2021 1470 dedisse:

1178 1499 1263 1544 ταῖς
1296 1494 1550 1549 ἐλευθέραις,

683 1567 767 1611 ταῖς
798 1561 963 1616 ἡμέραις
995 1563 1158 1612 ταύταις
1191 1561 1235 1604 δὲ
1265 1563 1462 1616 κωμάζειν
1493 1562 1592 1613 ἔθος

684 1630 832 1671 ἐνθάδε
866 1627 954 1683 μεθ’
987 1628 1122 1683 ἡμῶν,
1152 1632 1246 1673 scil.
1279 1635 1364 1680 ταῖς
1395 1629 1636 1685 ἐλευθέραις.

313 1701 522 1750 Loquitur
577 1700 713 1750 igitur
767 1700 948 1740 hetaera
1003 1701 1048 1739 et
1102 1700 1281 1749 quidem
1335 1700 1450 1751 ipsa,
1505 1700 1551 1740 ni
1597 1699 1738 1751 fallor,
1786 1699 2023 1740 Philusa

317 1770 359 1808 in
393 1768 584 1819 prologo.

259 1837 324 1876 Fr.
360 1837 458 1886 254,
498 1837 534 1876 1.
578 1834 849 1876 Coniecturis
889 1845 1017 1875 suam
1059 1835 1181 1875 addit
1210 1835 1275 1875 Bl.
1308 1833 1378 1874 ἐὰν
1410 1857 1465 1864 -
1497 1833 1571 1887 ἔχω
1602 1844 1680 1885 pro
1710 1839 1783 1875 τοῦ
1816 1856 1870 1864 -
1901 1832 2024 1887 ἔχειν,

312 1905 548 1955 propositis
588 1904 866 1944 audaciorem
905 1913 986 1943 nec
1026 1902 1271 1943 meliorem.
1321 1903 1498 1954 Optime
1539 1904 1617 1944 aut
1656 1902 1810 1943 Iacobs
1850 1915 1931 1942 που
1965 1924 2019 1932 -

311 1971 411 2023 ἔχων
442 1974 518 2012 aut
550 1972 745 2012 Meineke
775 1985 834 2010 τοι
867 1993 921 2000 -
954 1969 1052 2023 ἔχων
1084 1970 1329 2011 correxisse
1362 1971 1549 2011 videtur.

253 2041 320 2080 Fr.
355 2041 454 2080 255.
607 2039 642 2079 εἰ
670 2044 741 2079 τοῦ
773 2038 1051 2090 μεθύσκεσθαι
1082 2037 1278 2090 πρότερον
1308 2037 1351 2078 τὸ
1383 2040 1611 2091 κραιπαλᾶν

607 2101 947 2159 παρεγί<γ>νεθ’
982 2102 1098 2157 ἡμῖν,
1127 2102 1219 2146 οὐδ’
1254 2103 1307 2145 ἂν
1337 2101 1393 2154 εἷς
1424 2101 1539 2146 οἶνόν
1569 2119 1664 2145 ποτε

602 2173 847 2227 προσίετο
879 2172 1040 2213 πλείω
1071 2179 1160 2214 τοῦ
1191 2173 1420 2226 μετρίου.
1450 2172 1544 2214 νυνὶ
1575 2170 1620 2214 δὲ
1649 2171 1723 2225 τὴν

607 2241 798 2294 τιμωρίαν
829 2239 878 2281 οὔ
909 2240 1209 2293 προσδοκῶντες
1239 2246 1310 2293 τῆς
1341 2239 1470 2294 μέθης

606 2309 716 2362 ἥξειν
745 2308 961 2362 προχείρως
992 2307 1113 2357 τοὺς
1145 2307 1413 2361 ἀκράτους
1444 2308 1626 2360 πίνομεν.
1882 2339 1885 2342 -

311 2378 573 2428 Corruptum
614 2387 712 2417 esse
752 2375 845 2423 τοὺς
883 2374 1081 2428 ἀκράτους
1113 2377 1303 2417 concedo
1335 2377 1519 2427 Kockio‚
1553 2376 1630 2417 sed
1662 2375 1780 2416 male
1811 2376 2017 2418 correxit.

311 2446 403 2486 Non
450 2447 569 2486 enim
616 2446 668 2486 de
716 2455 855 2494 mero,
903 2444 981 2484 sed
1029 2444 1080 2484 de
1137 2444 1575 2485 immoderatius
1620 2444 1811 2494 potando
1857 2443 2017 2495 agitur,

310 2515 455 2562 itaque
486 2513 591 2553 olim
624 2513 790 2553 conieci
821 2507 970 2552 οἶνον
1001 2510 1236 2565 ἀκρατῶς
1267 2512 1448 2564 πίνομεν.
1482 2512 1622 2553 Hodie
1652 2510 1957 2562 praetulerim:

726 2579 944 2632 προχείρως
975 2577 1146 2631 πίνομέν
1176 2593 1225 2619 τε
1257 2578 1540 2632 κάκρατῶς.

308 2647 427 2687 Licet
466 2657 551 2687 non
583 2648 877 2697 persuaserim
909 2647 1094 2699 Kockio,
1129 2648 1342 2698 hodieque
1373 2648 1438 2688 sic
1469 2649 1631 2688 statuo.
1666 2668 1719 2676 -—
1748 2645 1823 2688 Vs.
1866 2647 1908 2687 8.
1950 2645 2015 2687 Bl.

308 2714 502 2754 offensus
547 2715 668 2755 brevi
709 2716 799 2756 iota
839 2715 1027 2756 coniecit
1057 2718 1269 2767 ,προσεῖτο,
1313 2717 1391 2756 aut
1423 2715 1571 2762 (male)
1603 2709 1770 2766 προσίετ’
1804 2710 1856 2753 ἂν
1886 2715 2020 2771 πλεῖν,

312 2785 481 2822 mutato
528 2782 659 2823 simul
707 2793 772 2823 vs.
807 2783 832 2822 2
874 2777 987 2822 οἶνον
1028 2782 1072 2822 in
1114 2781 1242 2822 οἴνου.
1285 2783 1446 2823 Forma
1486 2782 1604 2823 enim
1642 2783 1756 2821 πλεῖν
1786 2790 1864 2831 pro
1894 2778 2016 2820 πλέον

312 2860 395 2888 non
438 2851 519 2889 nisi
563 2861 662 2890 cum
705 2850 903 2890 numeris
935 2850 1227 2900 coniungitur.
1262 2850 1573 2901 Imperfectum
1606 2858 1709 2889 vero
1740 2849 1782 2889 h.
1810 2848 1839 2889 l.
1870 2847 2018 2899 aptius

310 2927 439 2964 quam
482 2918 673 2957 aoristus
714 2920 757 2957 et
789 2918 830 2957 in
865 2918 1107 2957 recentiore
1139 2918 1366 2958 comoedia
1393 2917 1513 2958 verbi
1539 2916 1624 2968 ἴημι
1651 2916 1742 2957 iota
1766 2917 2015 2967 correptum

312 2987 459 3023 tuetur
499 2984 662 3036 συνίημι
704 2985 889 3025 Philem.
933 2985 991 3024 IV
1033 2986 1112 3033 48;
1162 2985 1356 3025 Straton.
1400 2985 1459 3024 IV
1499 2985 1600 3034 546,
1643 2983 1748 3024 licet
1786 2982 1847 3024 ibi
1886 2981 2015 3024 facile

310 3052 499 3090 conicias
540 3058 727 3103 συνῆκας.
771 3053 975 3093 Fortasse
1016 3053 1151 3103 igitur
1188 3054 1386 3102 praestat
1425 3052 1467 3092 h.
1500 3052 1528 3093 l.
1561 3052 1844 3092 admitterere
1874 3049 2014 3092 durio·

310 3128 401 3157 rem
435 3122 722 3169 anapaestum
754 3117 874 3170 προσί
899 3119 907 3173 Ι
936 3134 998 3160 ετο
1029 3119 1120 3159 πλεί
1144 3115 1151 3174 Ι
1180 3134 1223 3159 οο.

253 3186 319 3224 Fr.
355 3187 453 3226 257.
649 3186 732 3226 ἀεί
759 3184 790 3239 γ’
827 3185 847 3226 ὁ
882 3189 1100 3240 Χαιρεφῶν
1130 3183 1199 3227 τιν’
1236 3185 1411 3239 εὑρίσκει
1440 3185 1595 3239 τέχνην.

652 3268 674 3293 κ
687 3252 734 3293 αὶ
767 3269 790 3293 ν
803 3259 863 3293 ῦν
895 3253 1097 3306 πορίζεταί
1123 3266 1178 3308 γε
1207 3252 1255 3294 τὰ
1286 3249 1411 3295 δεῖπν’
1445 3251 1666 3307 ἀσύμβολα.
