2216 3522
1053 193 1135 232 172

570 317 827 371 <ἅνθρωπός
857 315 948 371 εἰμ’·
979 317 1239 372 ducemne>
1276 319 1410 368 οὐδείς
1441 318 1524 360 ἔστί
1551 334 1620 371 μοι

565 384 785 438 ἀλλότριος,
816 385 893 427 κτὲ.

271 452 491 493 Menandri
515 450 691 494 Ἑαυτὸν
722 453 1022 506 τιμωρουμένου
1054 456 1319 506 particulam
1350 466 1448 497 esse
1480 455 1748 506 suspicatus,

211 520 278 559 Fr.
312 522 412 561 603.
445 521 506 562 Cf.
538 522 675 563 etiam
708 523 753 563 F.
772 523 839 563 W.
858 524 1089 564 Schmidtii
1121 524 1231 564 Krit.
1266 524 1388 565 Stud.
1423 524 1485 563 111
1516 534 1557 574 p.
1596 524 1647 563 12
1680 522 1875 569 (Nauck).

211 588 277 628 Fr.
312 590 411 638 611,
446 590 485 629 2.
528 590 577 630 In
618 586 719 629 ταῦτ’
764 591 952 631 fortasse
985 602 1071 632 non
1105 594 1271 632 temere
1304 592 1449 631 haesit
1480 592 1564 641 Bl.,
1599 589 1821 631 coniciens
1853 588 1981 628 δοῦλα

270 653 392 707 γίνεθ’
428 658 531 702 (imo
562 653 730 709 γίγνεθ’)
762 654 913 709 ἡδονῆς
948 658 1015 699 vel
1047 655 1152 698 ταῦτ’
1187 655 1616 709 (pariter=nav&
1648 652 1820 703 ταῦτ’ἳ).
1997 644 2003 649 ’

213 723 281 763 Fr.
316 725 415 773 613,
450 725 489 764 2.
532 725 654 765 Idem
685 724 777 773 τοὺς
809 724 863 777 μὴ
896 724 1148 778 δυναμένους
1182 725 1265 773 (τὸν
1299 749 1353 756 --
1385 723 1522 778 μένον)
1555 726 1628 777 ζῆν
1660 726 1791 772 καλῶς
1824 721 1878 775 μὴ
1910 723 1982 775 ζῆν

272 798 412 839 κακῶς.
445 793 559 833 Num
591 795 734 843 opus?

216 860 280 899 Fr.
314 862 414 900 614.
448 861 497 900 In
528 872 624 911 pap.
660 862 831 903 Hercul.
858 864 877 903 Ι
906 863 960 903 74
988 863 1073 913 legi
1100 862 1262 914 πιστὸν,
1293 873 1379 903 non
1407 861 1591 913 πλείστης
1620 860 1793 901 monuit
1816 856 1982 900 Nauck.

214 927 280 967 Fr.
313 929 412 968 615.
447 928 525 979 BL,
567 930 814 979 improbata
845 930 1000 971 Kockii
1030 931 1303 982 coniectura,
1343 931 1437 981 ipse
1469 931 1547 990 aut
1578 929 1683 976 (fere
1715 930 1766 969 ut
1796 938 1877 978 ego
1906 927 1984 968 sed

275 996 419 1035 minus
450 995 620 1043 leniter)
652 995 726 1050 ἐγὼ
758 996 830 1049 μὲν
861 992 937 1038 οὖν
968 994 1038 1049 εἰμ’
1075 997 1255 1050 εὐτελής,
1285 1000 1364 1038 aut
1395 1007 1625 1049 perperam
1653 993 1675 1036 ὁ
1710 993 1783 1047 μὲν
1814 993 1984 1047 ἀνόητος

274 1074 384 1112 quae
416 1066 534 1105 notio
566 1069 731 1116 pugnat
763 1078 862 1107 cum
894 1068 1099 1117 sequenti
1131 1066 1299 1118 εὐτελής.
1338 1067 1549 1116 Equidem
1582 1065 1708 1105 hodie
1740 1072 1901 1104 manus
1930 1061 1985 1103 do

276 1131 456 1183 Kockio,
514 1144 618 1174 nam
675 1135 841 1185 optime
897 1132 1068 1187 ὀκνηρός
1123 1135 1358 1186 opponitur
1416 1134 1564 1175 verbis
1620 1130 1781 1183 θρασὺς
1827 1129 1986 1181 σφόδρα

277 1200 319 1239 in
362 1211 426 1240 vs.
472 1202 511 1241 2.

217 1267 283 1307 Fr.
318 1268 418 1317 620,
456 1270 491 1309 1.
538 1268 687 1320 εὐηθία
733 1281 809 1320 pro
855 1269 1025 1321 εὐήθεια
1071 1271 1116 1310 in
1164 1270 1332 1311 comico
1380 1269 1550 1319 (tragici
1592 1268 1711 1308 enim
1751 1266 1860 1306 talia
1899 1265 1984 1305 sibi

274 1335 550 1385 permittunt)
581 1341 837 1388 suspectum
870 1340 951 1378 est.
985 1338 1136 1378 Placet
1167 1337 1391 1387 Blaydesii
1423 1337 1675 1377 coniectura
1705 1332 1914 1385 εὐηθικόν.

218 1403 285 1443 Fr.
325 1404 425 1443 621.
473 1404 534 1444 De
580 1403 783 1458 ἀλόγιστος
829 1406 894 1446 Bl.
939 1407 1011 1446 cst.
1056 1405 1281 1446 Menandri
1324 1405 1376 1445 fr.
1418 1404 1476 1444 IV
1508 1404 1580 1454 92,
1618 1404 1714 1452 143,
1750 1401 1848 1452 192,
1884 1401 1983 1451 148,

278 1471 377 1519 241,
412 1472 511 1521 255,
546 1470 645 1523 263,
677 1471 819 1526 ἄλογος
852 1474 896 1513 in
930 1473 1159 1514 comoedia
1190 1483 1410 1521 nusquam
1442 1471 1528 1521 legi
1560 1469 1936 1511 animadvertens.

219 1538 287 1578 Fr.
321 1539 421 1589 623,
456 1541 496 1579 2.
540 1540 690 1581 Nauck
731 1540 773 1580 τὸ
814 1537 922 1580 πόλλ’
965 1538 1145 1580 ἀναλοῦν
1182 1541 1227 1581 et
1259 1551 1360 1580 cum
1392 1539 1592 1580 Bentleio
1623 1543 1778 1590 πεινῆν.
1811 1537 1876 1577 Bi.
1908 1536 1984 1577 eft.

278 1607 385 1646 Ach.
422 1608 505 1647 734
539 1614 683 1659 πεινῆν
715 1614 858 1656 κακῶς.

219 1674 286 1713 Fr.
320 1675 406 1714 625
439 1675 525 1724 legi
565 1677 703 1716 etiarn
745 1677 858 1727 apud
891 1676 1147 1726 Gregorium
1182 1677 1286 1716 Naz.
1321 1675 1405 1716 vol.
1439 1675 1481 1714 11
1513 1685 1552 1725 p.
1587 1675 1674 1714 210
1691 1673 1742 1724 C,
1784 1672 1859 1713 ubi
1888 1681 1988 1712 esse

278 1741 426 1781 σαυτὸν
457 1742 671 1795 αἰσχύνου,
701 1745 876 1784 monuit
908 1744 1072 1784 Nauck.

220 1810 287 1849 Fr.
320 1811 420 1860 628,
458 1812 493 1851 1.
526 1805 570 1851 εὖ
601 1811 706 1852 πιὼν
736 1812 865 1863 μάτην
895 1815 994 1867 λαλῇ
1035 1813 1158 1863 peius
1200 1822 1330 1862 quam
1365 1811 1487 1852 Kock
1519 1811 1583 1850 Bl.
1616 1810 1817 1850 Nondum
1848 1807 1987 1848 abicio

279 1889 427 1918 meum
475 1873 532 1918 ὧν
576 1878 733 1931 πρέπει,
778 1881 891 1929 quod
931 1880 1078 1920 solum
1119 1882 1269 1929 aptam
1313 1879 1493 1929 praebet
1523 1877 1809 1918 sententiam.
1842 1874 1988 1915 Facile

278 1947 395 1986 enim
442 1946 535 1987 fieri
581 1950 743 1999 potest,
792 1950 838 1988 ut
880 1948 1096 1988 Stobaeus
1137 1948 1281 1988 locum
1323 1947 1413 1987 iam
1455 1946 1700 1995 antiquitus
1731 1944 1987 1994 corruptum

279 2015 513 2060 (ΠΡΕΠΕΙ
553 2015 596 2055 in
640 2017 785 2062 ΠΙΗΙ)
830 2016 874 2055 in
915 2016 1176 2066 florilegium
1218 2026 1349 2056 suum
1393 2014 1624 2064 receperit,
1660 2013 1808 2061 itaque
1839 2020 1987 2051 meam

278 2083 574 2122 coniecturam
605 2083 703 2123 libri
735 2083 864 2123 titulo
891 2084 1105 2123 confutari
1134 2094 1258 2133 nego.
1290 2081 1343 2121 Τὸ
1369 2083 1679 2133 προσποιεῖσθαι
1706 2076 1883 2126 (εἰδέναι)
1900 2087 1987 2132 non

278 2153 347 2190 est
376 2151 483 2190 ebrii
515 2151 775 2200 praesertim
809 2151 1057 2201 proprium,
1093 2153 1140 2190 ut
1172 2151 1375 2191 arbitror.

222 2218 288 2258 Fr·
322 2219 422 2268 630,
458 2219 498 2258 2.
531 2216 608 2258 ἄλλ’
644 2217 669 2271 ἢ
701 2219 771 2259 hic
804 2219 958 2259 malim
992 2229 1092 2259 cum
1127 2219 1192 2259 Bl.

222 2285 289 2326 Fr.
322 2287 421 2335 631,
455 2284 599 2326 ἑαυτοῦ
631 2297 779 2327 meum
812 2286 963 2336 probat
996 2286 1080 2336 Bl.,
1125 2286 1351 2336 explicans
1383 2288 1532 2326 tamen
1566 2284 1618 2323 in
1651 2283 1744 2323 the
1776 2291 1905 2323 case
1935 2279 1993 2321 ot

282 2354 539 2404 himself,
572 2354 669 2395 coll.
703 2355 754 2395 fr.
789 2355 949 2407 682,1.
982 2354 1122 2394 Hodie
1154 2354 1269 2394 inter
1301 2349 1357 2403 ἐφ’
1394 2352 1519 2393 αὑτοῦ
1551 2353 1596 2391 et
1626 2348 1771 2390 ἑαυτοῦ
1801 2359 1879 2400 pro
1903 2350 1988 2389 tra·

282 2421 373 2461 dita
413 2422 630 2472 scriptura
671 2422 888 2462 dubitanti
934 2424 1191 2472 suspectum
1230 2421 1340 2461 mihi
1382 2421 1451 2461 est
1498 2418 1793 2468 compositum
1840 2421 1991 2470 συνορᾷ

282 2499 357 2537 pro
417 2490 546 2529 verbo
602 2490 807 2540 simplici.
864 2490 1071 2530 Fortasse
1128 2489 1365 2540 legendum
1423 2486 1470 2527 τὰ
1529 2485 1633 2526 κακά
1678 2481 1773 2526 ποθ’
1825 2482 1899 2539 ὁρᾷ
1933 2505 1987 2513 -

284 2562 443 2605 σαφῶς,
477 2580 526 2586 -
563 2556 714 2607 ὄψεται.

225 2624 291 2663 Fr.
326 2625 424 2674 632,
460 2626 499 2664 2.
533 2626 594 2665 Bl.
627 2625 669 2664 τὸ
701 2622 906 2665 συνειδέν’.
939 2626 1087 2675 Neque
1119 2626 1201 2665 hoc
1233 2634 1372 2674 neque
1404 2623 1447 2663 τὸ
1478 2621 1661 2670 συνειδὸς
1689 2620 1989 2662 necessarium

282 2702 380 2731 esse
412 2694 552 2742 arguit
586 2694 811 2743 Euripides
843 2694 913 2734 Or.
948 2694 1033 2733 396
1066 2693 1237 2733 dicens:

639 2758 663 2812 ἡ
696 2764 873 2810 σύνεσις,
903 2760 961 2800 ὅτι
994 2760 1164 2800 σύνοιδα
1196 2755 1288 2798 δείν’
1324 2756 1588 2812 εἰργασμένος.

229 2829 293 2869 Fr.
327 2831 427 2878 633,
464 2831 502 2869 2.
550 2830 659 2880 Lege
700 2829 827 2870 λειτὸν
870 2841 970 2870 cum
1015 2829 1221 2869 Nauckio.
1254 2850 1305 2856 —
1342 2827 1414 2867 Vs.
1449 2829 1484 2867 1.
1528 2826 1592 2867 Bl.
1625 2824 1718 2872 τοὺς
1744 2821 1991 2875 πενομένους

295 2897 419 2947 quio,
452 2898 598 2945 quidni
631 2895 734 2938 oz‘.»
776 2898 846 2937 δεῖ.
880 2898 1039 2938 Lenius
1073 2898 1116 2937 L.
1137 2895 1330 2936 Dindors.

227 2964 291 3003 Fr.
325 2967 424 3013 635,
451 2967 484 3004 1.
511 2963 616 3013 {uhu
633 2969 887 3015 suspectum
907 2966 1157 3015 Biaydesio;
1177 2964 1214 3004 si
1234 2965 1373 3013 recte,
1393 2962 1519 3003 facile
1546 2962 1738 3002 conicias
1763 2958 1916 3011 ἀθρῶν.
1937 2981 1989 2989 -

288 3033 358 3072 Vs.
408 3034 446 3072 2.
499 3034 627 3074 Recte
679 3034 813 3074 Cobet
857 3033 1025 3085 γίνεται,
1063 3033 1147 3073 nisi
1194 3032 1306 3082 quod
1355 3031 1590 3071 Menander
1635 3030 1770 3070 attice
1814 3027 1994 3078 scripsit

285 3100 475 3152 γίγνεται,
508 3104 554 3140 ut
587 3102 635 3141 Τι’.
670 3103 769 3151 636,
810 3105 826 3141 1
863 3100 1165 3151 corrigendum
1200 3096 1714 3152 προκαταγκγ>νώσκων.

229 3169 295 3208 Fr.
330 3170 429 3217 638,
469 3171 502 3207 1.
536 3167 685 3224 βλέψῃς
718 3170 810 3209 iure
843 3170 1027 3209 retinuit
1058 3168 1202 3216 Kock;
1236 3166 1384 3208 Cobeti
1419 3168 1464 3207 et
1490 3165 1692 3206 Meinekii
1717 3164 1992 3205 coniecturae

288 3235 402 3275 male
429 3235 643 3284 quadrant
670 3236 712 3276 in
742 3246 803 3276 vs.
838 3238 1095 3285 sequentem
1124 3235 1209 3276 nisi
1232 3236 1476 3275 correctum
1509 3235 1553 3273 et
1580 3234 1743 3282 ipsum,
1775 3233 1821 3272 et
1850 3229 1994 3271 otiosa
