2216 3522
1066 200 1146 240 136

283 326 328 364 et
366 325 650 366 Artemidis.”
693 326 805 365 Hinc
843 325 1024 365 deorum
1068 324 1293 374 epitheton
1327 322 1591 374 πολυτίμητος
1621 323 1832 364 tribuitur
1866 323 1988 364 Anti·

283 392 416 442 phani
447 393 656 443 Bergaeo,
691 392 858 432 homini
884 391 1240 431 mendacissimo.
1274 389 1531 430 Germanice
1556 389 1647 431 rere
1672 390 1793 430 dicas
1822 389 1988 440 ¹,Boch-

284 460 508 500 verehrter
555 460 666 500 Herr
711 459 855 499 Baron
906 468 991 498 von
1038 458 1437 499 Munichhausen!”
1495 457 1540 497 Si
1585 457 1694 498 haec
1739 457 1991 507 fragmenta

282 527 473 576 ederem,
507 527 755 567 evidentem
788 525 1147 567 emendationem
1179 525 1371 574 recipere
1402 524 1551 564 nullus
1581 523 1842 565 dubitarem.

225 593 292 633 Fr.
326 595 366 643 6,
401 595 441 635 2.
474 594 537 634 Bl.
572 595 645 635 cst.
678 594 841 634 Calliae
874 593 925 633 fr.
960 594 985 633 5
1018 592 1322 644 καλλιτράπεζος
1348 588 1493 631 Ἰωνία.

226 661 293 700 Fr.
327 661 365 711 7,
401 662 440 701 3.
473 671 598 712 φησιν
627 660 729 700 αὐτὰ
760 661 873 700 miro
905 660 1106 700 mutandi
1136 659 1305 710 pruritu
1333 659 1398 700 Bl.

229 776 448 820 Eubulidi
491 778 541 818 fr.
584 779 622 828 I,
658 779 696 818 2.
745 777 988 819 Tentabam
1025 777 1246 825 quondam
1279 775 1376 816 ὥστε
1407 775 1584 815 δειπνεῖν
1615 774 1659 815 ἐν
1690 782 1822 832 τρυφῇ
1853 777 1899 817 et
1929 770 1989 824 οἷς

282 842 530 885 ἀδείπνοισιν
569 846 723 896 τρυφή,
764 856 824 886 sc.
867 843 983 884 ἐστιν.
1016 844 1142 884 Nunc
1174 843 1238 884 Bl.
1273 843 1601 884 dubitabundus
1632 842 1708 883 οὐκ
1739 841 1917 900 ἀδείπνφ
1946 839 1986 884 δ’

283 910 482 967 ἐντρυφᾷς
513 917 557 953 et
588 914 808 963 similiter,
843 914 920 953 sed
952 912 1212 962 interposito
1243 907 1294 964 γ’,
1323 911 1552 952 Headlam.
1584 911 1680 952 Non
1711 911 1862 961 liquet.

224 1019 454 1063 flenlochi
502 1022 540 1061 fr
575 1023 610 1072 1,
644 1022 685 1062 3.
717 1021 843 1061 παῖδα
873 1020 1038 1061 frustra
1069 1022 1220 1060 tuetur
1251 1019 1331 1070 Bl.,
1365 1019 1515 1072 παγίδα
1547 1018 1687 1070 Κοοὶζ,
1726 1018 1863 1059 κλεῖδα
1893 1029 1988 1070 ego.

281 1087 499 1129 Correctio
530 1090 712 1130 incerta.

223 1155 291 1195 Fr.
325 1157 363 1206 2,
399 1157 438 1196 2.
472 1157 682 1207 Proposui
713 1154 735 1196 ὃ
768 1152 804 1196 δ’
841 1154 890 1196 οὐ
926 1178 979 1185 -
1012 1155 1165 1208 λαβών;
1197 1157 1275 1195 aut
1305 1155 1401 1195 sine
1432 1155 1779 1205 interrogatione
1810 1151 1832 1195 8
1863 1151 1908 1195 δὲ
1937 1152 1990 1206 δὴ

282 1222 355 1263 κτὲ.
403 1226 446 1264 et
492 1224 649 1264 deinde
689 1231 771 1279 νῷν
813 1234 914 1265 cum
955 1223 1136 1264 Kockio.
1170 1222 1234 1263 Bl.
1277 1237 1366 1261 τινα
1405 1225 1542 1274 χοῖρον
1574 1222 1645 1263 vel
1676 1222 1889 1275 χοιριδίον,
1922 1221 1988 1262 vel

282 1290 451 1342 χοιρίον,
482 1291 552 1332 vel
590 1306 657 1342 μοι
687 1294 842 1343 χοῖρον,
873 1301 954 1331 nec
984 1300 1092 1331 sane
1124 1289 1340 1330 articulus
1371 1289 1587 1330 ferendus.
1622 1290 1851 1331 Sententia
1879 1289 1992 1330 satis

282 1359 529 1408 perspicua,
564 1359 616 1399 de
649 1358 795 1399 verbis
826 1368 914 1398 non
946 1359 1136 1398 constat.
1169 1357 1312 1398 Hodie
1342 1356 1514 1397 malim:
1547 1353 1570 1396 ὃ
1601 1352 1639 1397 δ’
1674 1356 1724 1398 οὐ
1755 1355 1993 1410 γαλαθηνὸν

284 1425 427 1466 τέθυκε
460 1426 613 1478 χοιρίον
644 1425 802 1478 λαβών;

226 1494 293 1534 Fr.
328 1495 368 1544 3,
407 1495 443 1534 1.
477 1494 628 1534 Nauck
654 1494 751 1534 Mel.
779 1494 821 1533 ΙΙ
851 1493 934 1533 100
960 1492 1030 1539 (cf.
1044 1492 1108 1532 111
1125 1493 1180 1533 36
1198 1496 1278 1542 sq.)
1305 1488 1426 1544 φάσμ’
1455 1501 1532 1542 pro
1557 1487 1699 1543 θαῦμ’.
1723 1491 1837 1533 Num
1855 1493 1992 1543 opus?
2060 1527 2066 1531 .

227 1562 293 1601 Fr.
327 1563 367 1611 4,
403 1562 443 1601 3.
477 1562 541 1601 Bl.
578 1558 965 1613 ,προσλελακηκέναι
992 1560 1109 1606 (sici)
1145 1560 1426 1601 scribendum
1457 1559 1588 1610 foret,
1630 1559 1669 1600 si
1701 1569 1728 1599 a
1756 1561 1993 1612 προσλαλεῖν

283 1629 521 1669 deductum
548 1631 680 1669 esset.
710 1629 793 1669 Sed
821 1628 1127 1678 corrigendum
1142 1628 1293 1678 procul
1313 1628 1443 1668 dubio
1459 1625 1811 1679 προσλελακέναι”.
1839 1626 1993 1668 Procul

285 1697 446 1736 dubio?
479 1719 532 1725 —
566 1696 640 1737 Vs.
675 1698 715 1737 7.
758 1697 935 1747 Corrige
976 1690 1035 1744 οἷς
1066 1695 1430 1750 γκγ>νώσκεται,
1464 1696 1493 1736 i.
1519 1706 1556 1736 e.
1599 1698 1679 1743 τοῖς
1719 1694 1844 1735 εἰδόσι
1882 1695 1992 1743 (ΒΙ.).
2074 1739 2083 1748 ρ

288 1764 470 1804 Temere
502 1764 736 1814 aliquando
762 1764 969 1814 proposui
995 1760 1143 1816 χαίρεθ’
1173 1764 1214 1803 οἳ
1236 1763 1553 1817 >aymonem—-
1579 1762 1655 1804 Vs.
1686 1763 1753 1804 10.
1786 1763 1992 1804 Fortasse

287 1833 405 1871 recte
436 1832 500 1872 Bl.
533 1831 805 1882 Dalecampii
838 1832 1135 1872 coniecturam
1170 1830 1259 1878 ὅλος
1290 1831 1459 1881 probat.

227 1899 294 1939 Fr.
329 1900 367 1949 5,
407 1900 443 1939 1.
491 1896 665 1950 ὀνόματα
712 1896 784 1950 μὲν
829 1899 986 1939 malim
1037 1909 1139 1939 cum
1190 1899 1339 1939 Grotio
1381 1900 1425 1939 et
1471 1897 1551 1948 BL,
1594 1898 1668 1947 qui
1713 1898 1901 1939 haerens
1946 1897 1992 1938 in

283 1965 537 2005 παντοδαπαὶ
568 1966 892 2007 inconsiderate
923 1967 1126 2016 proponit
1157 1972 1235 2005 νῦν
1265 1963 1425 2018 ἑκατόν,
1454 1966 1567 2016 quod
1598 1967 1775 2017 propter
1803 1975 1993 2016 sequens

285 2038 361 2072 νῦν
392 2038 472 2079 (vs.
505 2035 546 2080 4)
594 2036 743 2084 aperte
783 2034 887 2074 ferri
929 2034 1094 2083 nequit.
1138 2034 1182 2073 Si
1224 2035 1326 2083 quid
1367 2034 1631 2074 mutandum
1664 2035 1799 2085 esset,
1833 2033 1993 2074 melius

285 2101 544 2141 coniecisset
568 2101 727 2153 μύριαι,
751 2104 829 2142 aut
858 2101 996 2154 χίλιαι,
1020 2102 1097 2142 sed
1123 2102 1232 2142 nihil
1264 2112 1428 2142 novare
1458 2102 1615 2142 satius.
1638 2123 1688 2129 -—
1708 2100 1783 2141 Vs.
1806 2101 1874 2141 17.
1907 2101 1991 2141 Im·

285 2169 430 2208 manis
461 2169 659 2218 stribligo
690 2175 746 2224 τῇ
778 2165 814 2208 δ’
846 2166 1121 2221 ἀριστοκρατία
1153 2167 1352 2224 θατέρᾳ
1383 2170 1514 2210 huius
1545 2169 1643 2209 aevi
1674 2171 1828 2219 poetae
1858 2167 1992 2209 tribui

284 2236 447 2284 nequit.
476 2236 595 2286 Quod
620 2237 819 2277 sentiens
843 2237 906 2277 Bl.
935 2237 1121 2277 coniecit
1147 2235 1395 2289 δημοκρατία
1421 2235 1571 2291 θατέρᾳ
1599 2239 1605 2290 Ι
1634 2232 1743 2288 ὄνομ’
1766 2231 1990 2276 ἐστὶταῖνδ’

287 2299 424 2349 [τοῖνδ’
440 2304 498 2351 ?],
528 2301 804 2356 ἀριστοκρατία
835 2303 998 2359 θατέρᾳ.
1032 2305 1089 2344 At
1126 2305 1293 2354 obstat,
1326 2314 1411 2354 qua
1441 2304 1486 2344 in
1518 2314 1565 2344 re
1596 2313 1727 2355 saepe
1757 2305 1995 2354 peccarunt

286 2370 446 2420 critici,
477 2381 719 2420 pronomen
752 2371 818 2412 ὅδε
850 2374 1111 2422 usurpatum
1143 2382 1220 2422 pro
1252 2365 1387 2421 οὗτος,
1427 2381 1507 2412 nec
1538 2371 1776 2421 quidquam
1806 2370 1994 2421 relinqui

287 2437 458 2478 videtur
503 2439 620 2479 aliud
666 2450 799 2489 quam
845 2442 895 2480 ut
938 2439 1110 2489 virgula
1150 2439 1480 2489 distinguamus
1520 2440 1622 2490 post
1662 2438 1909 2491 δημοκρατία
1947 2440 1994 2479 et

284 2503 434 2559 θατέρᾳ
490 2506 731 2546 habeamus
786 2517 862 2556 pro
909 2508 1226 2557 epexegemate
1272 2511 1342 2546 τοῦ
1389 2512 1436 2561 τῇ
1479 2502 1531 2545 δ’.
1578 2505 1824 2547 Difficultas
1870 2505 1993 2547 vocis

286 2569 584 2624 ἀριστοκρατία,
627 2584 737 2623 quae
784 2574 953 2614 nullam
1000 2574 1135 2614 aliam
1182 2574 1333 2614 sedem
1381 2574 1598 2625 admittit,
1646 2574 1690 2614 in
1737 2574 1992 2615 trimetrum

286 2639 505 2679 ianbicum
539 2641 807 2692 inferendae,
859 2642 1008 2682 minus
1040 2641 1217 2682 solitam
1249 2641 1362 2681 hanc
1393 2641 1564 2682 dicendi
1595 2641 1810 2682 rationem
1841 2650 1991 2692 provo·

286 2716 410 2746 casse
463 2707 646 2758 v1detur,
699 2709 823 2748 cuius
873 2709 1168 2759 inelegantiae
1217 2708 1385 2749 accedit
1432 2708 1619 2749 duorum
1662 2718 1872 2749 versuum
1918 2709 1990 2756 (16

288 2777 332 2813 et
367 2775 432 2819 17)
466 2776 769 2825 contiguorum
801 2774 1055 2816 ἰσοτέλευτον.
1093 2775 1155 2816 De
1187 2775 1460 2816 barbarismo
1490 2781 1538 2831 τῇ
1569 2774 1719 2831 θατέρᾳ
1750 2776 1848 2817 vide
1879 2775 1993 2817 intra

290 2841 341 2880 ad
375 2841 599 2881 Menandri
630 2843 681 2883 fr.
715 2843 815 2884 846.

234 2945 507 2991 Heraclidae
538 2950 588 2990 fr.
617 2961 681 2991 vs.
715 2952 754 2991 2.
788 2950 1051 3002 πλανώμενον
1081 2952 1218 2992 etiam
1250 2954 1348 3002 post
1381 2952 1534 2993 Kockii
1566 2953 1906 3003 explicationem
1937 2953 1991 2995 de

291 3016 397 3054 vitio
437 3018 545 3055 mihi
586 3021 840 3067 suspectum
881 3020 964 3059 est.
1006 3018 1237 3060 coniciens
1276 3017 1581 3071 κᾶπτερωμένον
1612 3031 1719 3061 sane
1750 3021 1914 3072 erravi,
1945 3022 1992 3062 et

292 3082 448 3121 melius
490 3086 814 3134 proposuissem
854 3084 919 3125 καὶ
960 3086 1701 3139 πτερυγούμενον-επτερυττόμενον,
1741 3089 1768 3128 i.
1796 3098 1834 3128 e.
1867 3087 1990 3129 alas

292 3154 625 3201 moventem,
659 3154 770 3201 quod
804 3153 970 3194 faciunt
999 3154 1104 3204 galli
1135 3154 1366 3204 gallinacei
1390 3157 1614 3196 canentes.
1645 3154 1707 3196 Cf.
1740 3154 1899 3206 Diphil.
1929 3154 1989 3195 1v

293 3218 375 3256 404
411 3221 464 3266 (2,
500 3221 540 3262 6)
575 3220 626 3259 M.
669 3219 823 3273 γέγηθα
863 3219 928 3260 καὶ
970 3220 1092 3273 χαίρω
1138 3235 1176 3261 τε
1221 3220 1286 3261 καὶ
1328 3222 1588 3274 πτερύττομαι
1629 3225 1675 3263 et
1714 3222 1809 3263 Ael.
1850 3222 1904 3263 Η.
1934 3221 1988 3263 Δ..
