2216 3522
1080 192 1166 233 210

1130 318 1254 353 ταῦτα
1284 310 1360 365 γὰρ
1392 310 1479 359 (vel
1510 312 1583 357 τοι)

709 379 893 436 εὖρήματ’
930 380 1008 422 ἐστὶ
1039 381 1215 437 γρᾳδίων
1246 378 1314 420 καὶ
1345 378 1524 432 παίγνια.

235 458 302 497 Fr.
335 457 436 496 483.
479 453 627 494 Nauck
669 453 778 492 citat
808 451 989 492 Aristid.
1023 450 1043 490 1
1074 461 1114 500 p.
1148 450 1254 490 707:
1287 452 1403 487 τοῦτο
1435 442 1472 485 δ’
1509 442 1589 485 ἐστὶ
1619 442 1692 483 τάκ
1721 448 1790 495 τῆς
1821 443 1999 496 δυσπρα-

293 523 376 572 ξίας
403 520 611 574 (ἀπραξίας
639 531 679 560 v.
697 520 741 567 l.)
773 518 982 572 πράγματα
1015 520 1060 558 et
1090 517 1263 567 Synesii
1294 526 1361 566 ep.
1390 515 1461 565 57,
1479 524 1520 565 p.
1543 513 1625 553 196
1643 512 1701 552 B:
1734 509 1773 560 ἐξ
1804 508 2000 563 ἀπραξίας

293 589 508 642 εὑρόμενος
562 587 792 641 πράγματα,
848 586 921 626 ubi
975 595 1204 636 perperam
1258 581 1470 635 ἀπροεξίας
1525 580 1753 631 rescripsit
1807 578 2002 620 Hercher

295 670 333 709 p.
368 660 468 708 666,
504 658 573 697 52.

237 729 302 767 Fr.
338 728 422 767 486
469 725 646 776 parodia
692 722 901 772 Aeschyli
948 722 991 761 in
1039 720 1271 770 Lycurgia,
1315 720 1365 758 ut
1404 717 1581 757 Thesm.
1626 716 1709 757 185
1741 725 1822 766 sq„
1860 714 2003 755 iudice

293 794 503 835 Kaibelio.
537 791 686 832 Nauck
717 791 744 831 l.
777 790 805 830 l.
838 801 877 840 p.
916 790 999 830 162
1037 789 1110 829 cst.
1144 787 1260 828 Stob.
1294 787 1386 827 flor.
1420 786 1490 835 90,
1510 785 1560 825 8:

650 858 707 905 τίς
738 857 812 910 γὰρ
848 856 1053 912 κατόπτρῳ
1085 854 1153 895 καὶ
1184 857 1319 909 τυφλῷ
1351 852 1567 899 κοινωνίας

295 934 339 970 et
370 930 461 970 cod.
495 929 622 968 Laur.
655 927 763 977 plut.
797 927 867 976 58,
902 927 957 966 24
992 925 1142 972 (Cohn.
1175 923 1311 964 Bresl.
1344 921 1449 973 phil.
1483 919 1612 966 Abh.)

650 994 689 1033 τί
718 990 753 1033 δ’
790 992 930 1033 ἀσπίδι
962 992 1154 1043 ξύνθημα
1184 989 1253 1031 καὶ
1283 988 1508 1045 καρχησίῳς

239 1067 304 1105 Fr.
338 1065 438 1104 489.
472 1064 535 1104 Bl.
570 1058 620 1102 εἶ’
656 1062 741 1108 (vel
773 1058 869 1108 ἀλλ’)
902 1057 1043 1100 ἐνθάδ’
1078 1059 1236 1111 εἴσφρες
1273 1054 1326 1110 μ’.

238 1134 305 1173 Fr.
339 1134 439 1172 491.
473 1133 607 1172 Recte
641 1130 732 1170 ὅποι
763 1138 840 1179 pro
873 1128 975 1168 ὅπου
1008 1127 1158 1168 Nauck
1188 1127 1217 1167 l.
1250 1127 1278 1167 l.
1311 1137 1350 1176 p.
1389 1126 1486 1166 162.

238 1201 305 1241 Fr.
338 1202 424 1240 493
457 1200 623 1240 dictum
656 1199 708 1238 de
740 1208 791 1238 eo
822 1197 896 1247 qui
927 1197 1075 1236 videre
1105 1206 1154 1236 se
1187 1194 1348 1244 aliquid
1379 1192 1646 1234 dissimulat.

238 1269 305 1308 Fr.
339 1269 439 1307 494.
473 1267 566 1307 Vid.
599 1276 732 1316 supra
763 1266 817 1306 ad
848 1265 900 1305 fr.
934 1265 1035 1305 453.

238 1336 305 1374 Fr.
349 1335 448 1374 500.
506 1334 687 1374 Dubitat
733 1333 784 1373 de
829 1332 985 1372 Kockii
1032 1331 1284 1371 coniectura
1330 1328 1499 1378 Nauck,
1553 1327 1656 1382 quia
1700 1326 2008 1379 προσλαβοῦσα,

296 1402 408 1451 quod
451 1402 582 1442 habet
613 1401 838 1451 Libanius‚
877 1400 1040 1440 rectius
1072 1399 1132 1439 sit
1162 1398 1330 1438 dictum
1361 1406 1495 1446 quam
1526 1395 1718 1447 λαβοῦσα.
1749 1393 2005 1435 verissime.

297 1469 450 1509 Procul
493 1469 620 1509 dubio
659 1469 798 1518 ipsius
829 1467 998 1507 Libanii
1031 1466 1166 1507 verba
1195 1467 1319 1515 sunt,
1353 1474 1440 1504 non
1472 1465 1639 1514 poetae.
1680 1462 1800 1503 Idem
1839 1461 2007 1513 optime

298 1538 464 1577 comico
505 1539 659 1587 poetae
690 1536 912 1576 abiudicat
941 1535 993 1575 fr.
1025 1535 1125 1585 502,
1164 1533 1405 1574 observans
1435 1531 1669 1572 Libanium
1699 1530 1836 1572 verba
1866 1531 2008 1583 Μεγα-

297 1609 377 1657 ρεῖς
417 1603 491 1644 uzei.
523 1604 668 1645 deberi
699 1605 803 1644 noto
834 1602 1027 1652 oraculo,
1062 1602 1135 1642 ubi
1166 1602 1445 1651 Megarenses
1477 1600 1683 1640 dicuntur
1716 1594 1796 1639 οὔτ’
1830 1597 1874 1640 ἐν
1902 1596 2008 1655 λόγῳ

298 1669 377 1713 οὔτ’
411 1671 453 1712 ἐν
485 1670 656 1727 ἀριθμῷ.
690 1671 888 1711 Indidem
920 1672 990 1710 est
1020 1671 1071 1710 fr.
1106 1670 1191 1710 673
1228 1663 1450 1722 Μεγαρέων
1482 1666 1615 1716 οὐδεὶς
1645 1666 1762 1720 λόγος
1792 1677 1862 1718 ap.
1893 1665 2006 1708 Plat.

299 1742 403 1781 Mor.
440 1742 524 1781 730
541 1751 577 1781 e.

242 1810 309 1849 Fr.
342 1810 442 1849 508.
485 1809 549 1849 Bl.
591 1809 740 1848 tuetur
780 1806 950 1847 Libanii
991 1806 1225 1846 lectionem
1267 1804 1347 1845 τὸν.
1388 1805 1477 1854 Ego
1508 1803 1688 1844 omnino
1718 1802 1869 1843 dubito
1899 1811 2008 1844 num

300 1877 490 1916 rhetoris
523 1875 655 1916 verba
686 1876 841 1925 poetae
872 1874 1170 1923 fragmentum
1205 1873 1475 1913 contineant.

242 1946 309 1984 Fr.
344 1946 443 1985 513.
480 1944 544 1984 Bl.
582 1943 743 1984 conicit
783 1940 965 1993 ἕπέτριψέ
1004 1937 1054 1991 μ’.
1096 1942 1156 1982 At
1196 1941 1294 1990 quis
1335 1940 1533 1990 praestat
1574 1939 1683 1979 haec
1719 1947 1807 1978 non
1837 1937 1890 1979 de
1921 1936 2007 1978 alio

300 2013 418 2053 dicta
448 2013 575 2052 esse?

243 2080 310 2120 Fr.
344 2081 444 2120 522.
493 2079 713 2119 Inutiliter
757 2078 875 2118 idem
915 2072 1011 2126 ὅκκ’,
1050 2075 1214 2116 sufficit
1254 2076 1371 2116 enim
1413 2073 1602 2115 Bentleii
1642 2073 1740 2114 sine
1770 2074 2008 2124 transposi-

299 2148 418 2188 tione
463 2147 674 2187 correctio
720 2141 774 2184 ὅσι’
824 2148 914 2195 (pro
946 2141 967 2183 ὃ
998 2140 1048 2190 κ’)
1090 2141 1282 2195 ἀργύριον
1320 2137 1356 2198 ᾖ.
1396 2142 1523 2182 Unde
1564 2140 1726 2182 efficiat
1762 2141 1886 2183 Kock
1932 2141 2009 2182 vix

301 2214 481 2255 dubium
522 2224 619 2254 esse
659 2214 762 2263 quin
795 2213 942 2253 Attica
973 2211 1199 2252 comoedia
1228 2211 1496 2251 sententiam
1526 2209 1862 2261 Epicharmeam
1895 2218 2008 2251 com-

302 2283 633 2332 memoraverit,
668 2281 779 2321 mihi
815 2281 990 2330 quidem
1024 2280 1259 2319 obscurum
1289 2279 1371 2318 est.
1403 2300 1455 2306 —
1489 2277 1535 2317 Si
1565 2277 1952 2328 commemoravit,
1985 2286 2010 2317 e

301 2352 444 2391 forma
473 2348 524 2389 ἄν
555 2360 631 2400 pro
663 2347 732 2388 ἐάν
763 2350 992 2398 appareret
1022 2348 1074 2387 fr.
1108 2357 1251 2387 novae
1282 2356 1380 2387 esse
1412 2345 1675 2386 comoediae.

245 2419 309 2458 Fr.
344 2419 443 2458 531.
486 2417 610 2464 οὕτως
652 2417 743 2463 (vix
787 2415 1085 2456 necessarium
1128 2414 1301 2454 videtur
1342 2407 1459 2460 οὗτός
1490 2408 1539 2465 γ’)
1583 2410 1737 2464 &paitru
1777 2418 1824 2468 τῇ
1854 2413 2009 2468 κεφαλῇ

302 2485 370 2525 τὸν
401 2484 589 2535 οὐρανόν.
621 2484 682 2524 Cf.
718 2483 822 2523 Hor.
856 2482 999 2523 Carm.
1032 2483 1065 2532 Ι,
1103 2483 1123 2521 1
1159 2483 1272 2522 extr.
1313 2480 1552 2521 Sublimi
1588 2480 1788 2521 feriam
1818 2479 2010 2521 sidera

305 2554 534 2594 vertice.

246 2621 311 2661 Fr.
346 2621 445 2661 532.
479 2621 668 2670 Legatur
697 2618 972 2672 γί<γ>νεται.

246 2688 311 2727 Fr.
346 2689 432 2728 540
474 2697 613 2728 novae
654 2696 752 2727 esse
793 2685 1045 2726 comoediae
1077 2685 1221 2735 arguit
1252 2684 1396 2725 forma
1426 2681 1551 2723 ἄν--
1570 2681 1650 2723 ἐάν.
1685 2704 1738 2712 -
1771 2681 2011 2730 Κονδύλους

305 2765 389 2795 non
422 2754 621 2794 Meinekii
652 2754 902 2794 coniectura
933 2754 1015 2803 est,
1047 2752 1123 2792 sed
1149 2752 1278 2792 lectio
1305 2750 1441 2792 schol.
1475 2750 1574 2791 Pac.
1612 2750 1708 2801 123,
1742 2751 1792 2791 ut
1817 2748 2011 2791 animad-

307 2823 438 2861 vertit
471 2821 633 2861 Nauck.

250 2890 313 2929 Fr.
348 2891 446 2929 541.
480 2889 561 2929 Pro
593 2887 735 2927 εὔκολα
768 2888 831 2927 Bi.
865 2885 1015 2937 εὔπορα
1047 2887 1116 2928 vel
1147 2885 1299 2939 εὐχερῆ.
1331 2886 1447 2926 Nihil
1478 2895 1601 2936 opus.

250 2957 313 2995 Fr.
349 2959 447 2995 545.
483 2957 562 2995 Pro
587 2955 739 2994 κατεῖδε
765 2955 881 2995 idem
909 2954 1115 2995 audacter
1144 2952 1289 3006 γράφει
1313 2952 1390 3006 γὰρ
1418 2952 1485 2993 vel
1515 2949 1570 2991 δὲ.
1596 2952 1664 2992 Ita
1689 2953 1809 2992 certe
1834 2950 2009 2992 malim:
2043 2971 2045 2973 ν

305 3020 326 3059 ὃ
360 3028 448 3072 (pro
481 3020 515 3067 ὁ)
547 3022 645 3069 Ζεὺς
677 3021 871 3073 ἔγραψε
904 3020 1062 3073 χρόνιος
1087 3020 1143 3069 εἰς
1169 3020 1237 3069 τὰς
1264 3018 1474 3072 διφθέρας.
1502 3020 1584 3060 Sed
1610 3019 1800 3060 fortasse
1823 3020 2011 3071 καθορᾶν

306 3090 359 3135 εἰς
392 3105 420 3127 τ.
453 3090 486 3127 δ.
520 3093 663 3139 potest
694 3090 940 3139 significare
972 3089 1262 3139 inspicere
1296 3087 1548 3129 tabellas
1584 3097 1736 3137 suas,
1769 3088 1818 3127 ut
1840 3086 2012 3137 Jupiter

306 3156 574 3205 significetur
601 3168 698 3197 sero
725 3158 894 3197 facinus
921 3158 1068 3197 nescio
1095 3156 1208 3206 quod
1235 3155 1342 3196 olim
1369 3155 1427 3196 ibi
1454 3156 1716 3205 inscriptum
1743 3154 2010 3204 vindicasse,

307 3235 438 3271 qnare
465 3224 570 3263 nihil
600 3225 868 3264 novaverim.
896 3224 1010 3264 Num
1038 3224 1205 3265 comico
1221 3225 1339 3265 recte
1350 3222 1552 3264 tribuerit
1567 3221 1690 3263 Kock
1706 3221 1833 3262 valde
1847 3220 2011 3262 dubito.
