2216 3522
1025 237 1076 276 17

223 353 266 394 II
292 354 379 393 319
420 354 486 394 ed.
529 355 645 395 Erm.
679 378 736 383 —
766 357 1037 409 γαστρώνιδας
1077 370 1154 408 pro
1194 360 1447 411 γαστροιίδας
1489 365 1606 403 recte
1643 365 1764 404 Kock
1794 366 1925 411 (male

221 422 471 474 γαστροδεας
501 423 585 473 Bl.,
618 434 723 465 nam
753 425 991 477 γαστρώδεις
1021 437 1227 475 graecum
1259 429 1342 473 est)
1369 429 1607 470 coniecisse
1637 431 1823 482 videtur,
1850 434 1926 473 vix

214 491 641 541 Vrectespro-rzsmcig
682 493 887 543 στρεβλάς,
916 494 1067 543 procul
1099 495 1229 534 dubio
1259 495 1376 535 male
1407 497 1567 547 λευρᾶς,
1607 498 1720 546 quod
1760 501 1927 549 respuit

223 555 357 603 dictio
388 559 572 599 comica.
602 583 654 588 -
679 560 754 600 Vs.
784 562 808 600 7
843 560 950 608 ὅπως
975 559 1036 600 ἂν
1068 559 1381 614 ἐκλογίστως
1412 565 1507 604 sine
1542 575 1676 605 sensu
1707 566 1791 616 BL,
1824 566 1928 607 licet

222 622 330 671 ὅπως
360 623 412 664 ἄν
442 628 627 667 suadeat
656 629 874 668 scribendi
904 640 1003 669 mos
1035 631 1314 670 comicorum.
1343 632 1403 671 At
1428 643 1516 672 vox
1542 629 1636 672 αὔθ’
1655 633 1818 683 absque
1834 645 1925 684 pro-

222 691 355 733 babili
398 704 534 734 sensu
573 697 797 736 senarium
838 698 1013 737 ordiens
1055 708 1190 746 grave
1224 699 1291 738 hic
1322 700 1482 739 vitium
1512 701 1651 740 latere
1682 701 1926 743 confirmat.

222 760 312 801 Nec
336 763 488 802 tamen
514 764 626 803 satis
651 766 770 804 recte
801 765 1091 814 suspicareris
1122 763 1184 811 ὡς
1211 763 1272 803 ἂν
1299 760 1372 805 ὧδ’
1409 765 1692 819 ἀνεκλογίστως
1709 767 1804 819 mel,
1829 771 1931 818 quia

221 827 348 876 οὕτως
379 831 685 878 requireretur.
720 831 939 881 Quaerant
967 833 1056 872 alii.

162 895 232 936 Fr.
267 897 366 936 144.
398 898 548 938 Nauck
580 900 778 948 apposite
810 901 916 939 citat
948 900 1309 950 lexicographum
1343 901 1657 941 coislinianum
1684 903 1739 942 91
1774 903 1928 943 Gaisf.:

222 963 265 1003 οἷ
290 964 365 1016 γὰρ
397 964 440 1003 ἐν
473 967 767 1017 Ἀργιννούσαις
799 969 890 1014 (Sic)
921 964 1159 1018 ἡττηθέντες
1192 968 1509 1019 Λακεδαιμόνιοι
1538 968 1604 1008 καὶ
1636 970 1829 1021 γυμνοὶ
1862 971 1929 1010 καὶ

223 1029 370 1083 ἄποροι
408 1033 604 1085 φυγόντες
640 1030 867 1074 Ἐτεονίκου
908 1033 1280 1086 παρακελευομένου
1312 1035 1448 1082 αὐτοῖς
1480 1036 1723 1086 φυλακὰς
1765 1037 1788 1077 ἔ
1794 1053 1929 1090 χειν,

221 1098 290 1141 ἴνα
330 1099 384 1151 μὴ
414 1100 596 1140 λάθωσιν
628 1101 763 1149 αὐτοῖς
803 1100 994 1154 ἐξαίφνης
1031 1102 1281 1150 ἐπιπεσόντες
1315 1106 1540 1155 Ἀθηναῖοι,
1570 1103 1836 1156 ἀπεκρίναντο
1868 1104 1927 1144 ὅτι

222 1167 289 1207 δεῖ
311 1167 405 1215 τοὺς
435 1168 614 1221 γυμνοὺς
645 1168 684 1217 ἐξ
715 1168 892 1222 ἀνάγκης
926 1169 1146 1222 ἀγρυπνεῖν
1179 1171 1246 1210 διὰ
1276 1171 1320 1210 τὸ
1351 1170 1472 1223 ῥῖγος.

162 1235 232 1276 Fr.
268 1236 366 1287 145,
399 1238 440 1277 2.
476 1236 641 1287 ,θυμὸς
672 1238 860 1278 fortasse
891 1240 1042 1278 tuetur
1074 1239 1204 1288 Soph.
1243 1239 1306 1279 ΕΙ.
1341 1240 1470 1279 286”.
1503 1240 1668 1279 Nauck.
1694 1261 1753 1267 -
1778 1240 1852 1280 Vs.
1885 1242 1926 1280 6.

222 1301 283 1343 ἀεὶ
313 1315 391 1355 pro
424 1303 545 1357 ἀνήρ,
585 1306 697 1354 quod
738 1304 840 1358 ἀνὴρ
872 1307 1066 1355 requirat
1097 1307 1351 1356 articulum,
1385 1307 1569 1356 requirit
1599 1307 1683 1357 BL,
1717 1308 1795 1347 sed
1825 1306 1928 1359 ἀνήρ

221 1373 524 1422 praedicatum
554 1384 652 1414 esse
683 1376 853 1423 potest:
888 1369 1004 1421 οὗτος
1029 1368 1080 1425 ἦν
1113 1372 1215 1426 ἀνὴρ
1247 1373 1444 1425 ἀποχρῶν.
1475 1396 1525 1401 -·
1556 1375 1625 1414 VS.
1661 1376 1728 1415 12.
1762 1375 1809 1414 O.
1828 1374 1927 1415 Cru-

221 1440 317 1480 sius
345 1439 502 1491 ,δεξιὸν
529 1444 576 1481 et
601 1439 805 1492 ἀριστερὸν
833 1444 989 1488 (κῶλον)
1016 1442 1180 1481 veteris
1208 1443 1317 1481 artis
1343 1443 1538 1491 poeticae
1565 1442 1777 1481 vocabula
1791 1443 1928 1482 fuisse

222 1507 484 1558 intelligitur
514 1520 571 1548 ex
601 1509 855 1549 Aristotelis
890 1509 1079 1558 Metaph.
1113 1510 1165 1547 N.
1193 1511 1239 1558 6,
1267 1520 1307 1558 p.
1339 1510 1450 1549 1093
1479 1519 1518 1549 a.
1547 1510 1617 1549 26.
1651 1509 1925 1549 Versuum

223 1575 417 1624 priora
461 1576 585 1616 cola
629 1576 935 1616 secundum
991 1577 1183 1616 modos
1234 1577 1483 1616 musicos
1529 1577 1702 1616 etiam
1748 1579 1925 1626 poste—

223 1643 376 1682 riore
406 1643 530 1683 loco
562 1645 796 1683 cantata
826 1653 952 1683 esse
983 1644 1089 1683 dicit
1104 1644 1278 1698 poeta.”
1299 1644 1439 1684 ——Vs.
1459 1645 1528 1684 22.
1555 1642 1747 1695 παρέσχεν
1772 1643 1927 1692 οὑτοσί,

220 1711 303 1756 τοῖς
345 1706 381 1748 δ’
427 1721 526 1750 cum
569 1710 763 1759 spondeo
798 1711 843 1749 in
886 1711 989 1750 sede
1021 1712 1096 1750 4ta
1127 1711 1192 1750 Bl.
1227 1733 1280 1738 —
1313 1711 1388 1750 Vs.
1421 1712 1491 1751 23.
1524 1711 1607 1750 Pro
1637 1709 1745 1762 ἄγων
1774 1713 1925 1752 Nauck

222 1774 352 1827 εὑρών
397 1779 534 1827 recte,
581 1777 750 1829 εἰσάγων
796 1775 997 1829 ἀτραποὺς
1044 1777 1294 1828 μυρμηκιοὺς
1344 1779 1461 1818 iusto
1507 1779 1715 1818 audacius
1760 1779 1824 1819 Bl.
1868 1802 1921 1808 -

223 1843 299 1884 Vs.
319 1845 389 1885 24.
421 1843 498 1897 κῆν
529 1847 677 1892 (recte)
708 1844 869 1901 ἐπιτύχῃ
900 1846 996 1885 sine
1027 1846 1290 1885 necessitate
1315 1846 1381 1885 Bl.
1401 1868 1453 1874 —
1473 1846 1546 1885 Vs.
1581 1847 1650 1885 25.
1683 1844 1855 1885 ἀπέδυσέ
1884 1843 1919 1897 μ’

164 1944 167 1945 ⁷
223 1908 413 1951 ἀνέλυσέν
444 1927 483 1951 τε
514 1913 673 1964 χορδαῖς
706 1913 860 1952 δώδεκα
890 1913 1049 1953 malim
1081 1924 1182 1953 cum
1213 1913 1381 1953 eodem.

164 1971 242 2018 Fri
268 1980 366 2030 146,
399 1981 440 2020 2.
472 1980 527 2026 εἰς
557 1977 662 2020 πόλλ’
684 2003 739 2020 -,
756 1980 966 2032 πράγματα
992 1981 1088 2021 sine
1115 1991 1250 2020 causa
1274 1981 1359 2030 BL,
1393 1982 1466 2030 qui
1492 1981 1566 2019 cft.
1589 1980 1698 2020 Nub.
1720 1982 1846 2021 1457.
1868 2004 1919 2009 —

223 2045 299 2086 Vs.
331 2048 372 2087 3.
405 2041 431 2098 ἦ
461 2058 539 2098 pro
569 2042 621 2099 ἦν
651 2049 904 2098 scripserim
934 2059 1036 2088 cum
1069 2049 1236 2088 eodem.

163 2111 232 2152 Fr.
269 2114 367 2164 147,
404 2116 441 2154 1.
484 2113 652 2166 ἀτεχνῶς
694 2116 764 2155 vel
806 2110 927 2154 αὗταί
948 2112 978 2167 γ’
1016 2116 1100 2162 (vel
1133 2110 1246 2154 οὗτοί
1269 2111 1318 2166 γ’)
1361 2117 1464 2154 ante
1505 2114 1635 2165 ὥσπερ
1677 2116 1820 2164 suppl.
1854 2116 1919 2155 Bl.

223 2179 307 2220 Sed
331 2181 485 2221 eodem
515 2182 608 2222 iure
627 2183 902 2222 «alterutrum
934 2186 1011 2222 aut
1039 2183 1186 2237 κομιδῇ
1219 2185 1295 2222 aut
1327 2183 1443 2222 aliud
1474 2183 1608 2222 inseri
1639 2185 1788 2232 potest
1819 2186 1922 2223 ante

221 2244 273 2296 νὴ
302 2246 371 2286 τὸν
403 2245 486 2287 Δί’.
517 2249 702 2289 Prorsus
731 2250 911 2289 inutiles
942 2252 1048 2290 sunt
1079 2250 1331 2290 huiusmodi
1363 2251 1652 2290 coniecturae.

163 2312 232 2352 Fr.
267 2315 364 2355 148.
397 2315 461 2355 Bl.
494 2317 568 2356 eft.
601 2317 753 2356 Eubul.
787 2317 851 2355 ῙΠ
883 2318 968 2357 228
1000 2316 1144 2368 βότρυς
1174 2316 1338 2368 τρώγειν
1370 2315 1409 2363 ἐξ
1441 2316 1555 2356 οἴνου
1587 2317 1769 2368 συχνούς.

164 2377 233 2418 Fr.
268 2382 365 2421 150.
576 2381 716 2430 ἔξεισιν
748 2382 918 2433 ἄκρων
952 2384 1070 2434 δεῦρο
1100 2383 1285 2435 πέρδικος
1316 2383 1475 2431 τρόπον.

171 2500 179 2508 1
225 2445 357 2487 Οἴκων
388 2452 540 2490 contra
570 2451 840 2491 comicorum
865 2462 996 2491 usum
1023 2452 1235 2501 Meineke,
1273 2451 1443 2490 felicius
1488 2446 1554 2489 ἐπ’
1603 2449 1775 2502 ἄκρων
1822 2461 1918 2491 con·

228 2517 330 2559 iecit
361 2517 410 2557 Ο.
447 2517 645 2567 Crusius,
679 2518 775 2558 coll.
806 2519 881 2558 Ar.
913 2518 1021 2558 Ach.
1055 2519 1155 2558 638.

163 2585 232 2625 Fr.
267 2585 364 2625 152.
397 2585 697 2625 Incertissima
727 2586 941 2635 quaedam
973 2587 1118 2625 tentat
1148 2586 1212 2625 Bl.
1245 2596 1285 2635 p.
1319 2586 1388 2626 25.

162 2651 231 2691 Fr.
252 2653 350 2701 153,
368 2652 408 2692 3.
435 2667 455 2703 χ
467 2650 551 2691 diu
576 2653 723 2702 procul
740 2653 868 2692 dubio
886 2653 1024 2692 voluit
1039 2652 1231 2701 Dindorf,
1251 2663 1336 2692 non
1353 2651 1483 2703 χῶττι,
1498 2654 1547 2692 ut
1563 2653 1700 2692 edidit
1716 2653 1850 2693 Kock.
1862 2675 1915 2681 —

221 2718 295 2758 Vs.
314 2721 355 2758 4.
373 2717 480 2772 αὐτῷ
497 2730 574 2769 pro
590 2718 708 2766 αὐτὸς
727 2721 803 2760 vix
819 2722 939 2760 recte
955 2720 1019 2759 Bl.
1036 2743 1083 2748 —
1100 2720 1174 2759 Vs.
1195 2721 1261 2759 10.
1286 2718 1329 2758 ἕν
1346 2718 1442 2774 οἴνῳ
1459 2719 1611 2759 malim
1631 2730 1732 2759 cum
1749 2721 1915 2759 eodem.

212 2784 222 2792 “
279 2787 479 2826 Accessit
509 2796 565 2826 ex
594 2787 781 2836 Didymo
812 2787 966 2827 Milleri
997 2797 1032 2826 S.
1067 2798 1107 2826 v.
1140 2785 1203 2825 ἐπὶ
1233 2785 1389 2837 κόρρης.
1425 2785 1670 2836 Φερεκράτης
1702 2786 1886 2837 Χείρωνι·

430 2850 452 2892 ὁ
483 2850 521 2893 δ’
556 2853 725 2906 Ἀχιλεὺς
756 2848 809 2893 εὖ
840 2868 943 2901 πως
974 2852 1039 2893 ἐπὶ
1069 2854 1215 2905 κόρρης
1246 2852 1370 2892 αὐτὸν
1402 2851 1612 2903 ἐπάταξεν,

427 2920 523 2960 ὥστε
553 2926 635 2972 πῦρ
665 2918 874 2971 ἀπέλαμψε
903 2926 982 2960 τῶν
1012 2920 1191 2973 γνάθων.

219 2987 345 3028 Unde
376 2988 482 3028 olim
513 2989 690 3036 elicui:-

429 3055 595 3108 Ἀχιλεὺς
627 3052 666 3095 δ’
699 3054 762 3095 ἐπὶ
794 3055 938 3107 κόρρης
969 3054 1092 3095 αὐτὸν
1124 3054 1288 3102 εὐθὺς
1328 3048 1417 3094 (εὖ
1450 3054 1623 3105 μάλα)

427 3120 636 3173 ἐπάταξεν,
666 3122 762 3163 ὥστε
792 3129 873 3174 πῦρ
905 3121 1114 3173 ἀπέλαμψε
1145 3128 1222 3161 τῶν
1253 3122 1432 3174 γνάθων.

216 3188 379 3228 Parum
409 3190 527 3230 enim
558 3188 779 3240 proficitur
809 3189 962 3230 Kockii
992 3189 1333 3268 transpositione
1365 3182 1418 3227 εὖ
1450 3202 1551 3236 πως
1583 3184 1619 3227 δ’
1656 3189 1907 3239 Ἀχιλεύς,-

219 3257 392 3297 mutato
423 3255 547 3296 αὐτὸν
576 3257 622 3297 in
654 3255 746 3308 ἅμα.
