<?xml version="1.0" encoding="UTF-8"?>
<!DOCTYPE html PUBLIC "-//W3C//DTD XHTML 1.0 Transitional//EN"
    "http://www.w3.org/TR/xhtml1/DTD/xhtml1-transitional.dtd">
<html xmlns="http://www.w3.org/1999/xhtml" xml:lang="en" lang="en">
 <head>
  <title>
</title>
<meta http-equiv="Content-Type" content="text/html;charset=utf-8" />
  <meta name='ocr-system' content='tesseract 3.04.00' />
  <meta name='ocr-capabilities' content='ocr_page ocr_carea ocr_par ocr_line ocrx_word'/>
</head>
<body>
  <div class='ocr_page' id='page_1' title='image "./collectaneacriti00herwuoft_0179.png"; bbox 0 0 2216 3522; ppageno 0'>
   <div class='ocr_carea' id='block_1_1' title="bbox 1067 215 1148 252">
    <p class='ocr_par' dir='ltr' id='par_1_1' title="bbox 1067 215 1148 252">
     <span class='ocr_line' id='line_1_1' title="bbox 1067 215 1148 252; baseline 0 0"><span class='ocrx_word' id='word_1_1' title='bbox 1067 215 1148 252; x_wconf 72' lang='lat'>165</span> 
     </span>
    </p>
   </div>
   <div class='ocr_carea' id='block_1_2' title="bbox 206 336 1979 1930">
    <p class='ocr_par' dir='ltr' id='par_1_2' title="bbox 276 336 1975 462">
     <span class='ocr_line' id='line_1_2' title="bbox 276 336 1975 396; baseline 0.008 -21"><span class='ocrx_word' id='word_1_2' title='bbox 276 336 594 378; x_wconf 86' lang='lat' dir='ltr'>Revocavcrim</span> <span class='ocrx_word' id='word_1_3' title='bbox 635 339 769 388; x_wconf 87' lang='lat' dir='ltr'>igitur</span> <span class='ocrx_word' id='word_1_4' title='bbox 809 340 1018 380; x_wconf 89' lang='lat' dir='ltr'>librorum</span> <span class='ocrx_word' id='word_1_5' title='bbox 1060 342 1341 392; x_wconf 82' lang='lat' dir='ltr'><strong>scripturam,</strong></span> <span class='ocrx_word' id='word_1_6' title='bbox 1376 346 1601 394; x_wconf 79' lang='lat' dir='ltr'>explicans</span> <span class='ocrx_word' id='word_1_7' title='bbox 1634 348 1855 387; x_wconf 78' lang='lat' dir='ltr'>ordinis</span> <span class='ocrx_word' id='word_1_8' title='bbox 1887 356 1975 396; x_wconf 86' lang='lat' dir='ltr'>qul</span> 
     </span>
     <span class='ocr_line' id='line_1_3' title="bbox 277 404 1758 462; baseline 0.007 -19"><span class='ocrx_word' id='word_1_9' title='bbox 277 404 432 444; x_wconf 91' lang='lat' dir='ltr'>nullo</span> <span class='ocrx_word' id='word_1_10' title='bbox 465 405 586 445; x_wconf 91' lang='lat' dir='ltr'>loco</span> <span class='ocrx_word' id='word_1_11' title='bbox 620 407 863 457; x_wconf 82' lang='lat' dir='ltr'>ponitur,</span> <span class='ocrx_word' id='word_1_12' title='bbox 896 408 923 447; x_wconf 89' lang='lat' dir='ltr'>i.</span> <span class='ocrx_word' id='word_1_13' title='bbox 957 418 994 448; x_wconf 89' lang='lat' dir='ltr'>e.</span> <span class='ocrx_word' id='word_1_14' title='bbox 1027 409 1277 460; x_wconf 82' lang='lat' dir='ltr'><strong>despicitur,</strong></span> <span class='ocrx_word' id='word_1_15' title='bbox 1311 412 1404 451; x_wconf 90' lang='lat' dir='ltr'>scil.</span> <span class='ocrx_word' id='word_1_16' title='bbox 1439 414 1758 462; x_wconf 80' lang='lat' dir='ltr'>pauperiorum.</span> 
     </span>
    </p>

    <p class='ocr_par' dir='ltr' id='par_1_3' title="bbox 217 471 1977 663">
     <span class='ocr_line' id='line_1_4' title="bbox 217 471 1976 536; baseline 0.006 -26"><span class='ocrx_word' id='word_1_17' title='bbox 217 471 285 511; x_wconf 87' lang='lat' dir='ltr'>Fr.</span> <span class='ocrx_word' id='word_1_18' title='bbox 318 472 419 522; x_wconf 89' lang='lat'>407,</span> <span class='ocrx_word' id='word_1_19' title='bbox 458 477 493 513; x_wconf 91' lang='lat'>1.</span> <span class='ocrx_word' id='word_1_20' title='bbox 529 473 694 524; x_wconf 81' lang='lat' dir='ltr'>Nauck,</span> <span class='ocrx_word' id='word_1_21' title='bbox 738 475 832 514; x_wconf 81' lang='lat' dir='ltr'>Mel.</span> <span class='ocrx_word' id='word_1_22' title='bbox 866 475 923 514; x_wconf 90' lang='lat' dir='ltr'>VI</span> <span class='ocrx_word' id='word_1_23' title='bbox 951 486 989 524; x_wconf 89' lang='lat' dir='ltr'>p.</span> <span class='ocrx_word' id='word_1_24' title='bbox 1023 477 1104 515; x_wconf 93' lang='lat'>113</span> <span class='ocrx_word' id='word_1_25' title='bbox 1138 474 1180 514; x_wconf 80' lang='grc' dir='ltr'><strong><em>ἐν</em></strong></span> <span class='ocrx_word' id='word_1_26' title='bbox 1212 477 1281 531; x_wconf 74' lang='grc' dir='ltr'>βίᾳ</span> <span class='ocrx_word' id='word_1_27' title='bbox 1313 479 1406 524; x_wconf 82' lang='lat' dir='ltr'>(sic)</span> <span class='ocrx_word' id='word_1_28' title='bbox 1447 491 1523 529; x_wconf 92' lang='lat' dir='ltr'>pro</span> <span class='ocrx_word' id='word_1_29' title='bbox 1560 488 1611 535; x_wconf 81' lang='grc' dir='ltr'>τῷ</span> <span class='ocrx_word' id='word_1_30' title='bbox 1644 481 1728 536; x_wconf 82' lang='grc' dir='ltr'><strong>βίῳ.</strong></span> <span class='ocrx_word' id='word_1_31' title='bbox 1763 482 1828 520; x_wconf 92' lang='lat' dir='ltr'>An</span> <span class='ocrx_word' id='word_1_32' title='bbox 1857 483 1976 530; x_wconf 88' lang='lat' dir='ltr'>typo-</span> 
     </span>
     <span class='ocr_line' id='line_1_5' title="bbox 275 540 1977 597; baseline 0.005 -19"><span class='ocrx_word' id='word_1_33' title='bbox 275 550 376 579; x_wconf 89' lang='lat' dir='ltr'>rum</span> <span class='ocrx_word' id='word_1_34' title='bbox 404 541 510 580; x_wconf 86' lang='lat' dir='ltr'>vitio</span> <span class='ocrx_word' id='word_1_35' title='bbox 543 552 619 590; x_wconf 88' lang='lat' dir='ltr'>pro</span> <span class='ocrx_word' id='word_1_36' title='bbox 655 540 696 580; x_wconf 83' lang='grc' dir='ltr'><strong><em>ἐν</em></strong></span> <span class='ocrx_word' id='word_1_37' title='bbox 728 542 834 597; x_wconf 67' lang='grc' dir='ltr'>βίῳῗ</span> <span class='ocrx_word' id='word_1_38' title='bbox 871 542 932 582; x_wconf 83' lang='lat' dir='ltr'>Cf.</span> <span class='ocrx_word' id='word_1_39' title='bbox 961 543 1195 583; x_wconf 84' lang='lat' dir='ltr'>Themistii</span> <span class='ocrx_word' id='word_1_40' title='bbox 1227 545 1366 596; x_wconf 90' lang='lat' dir='ltr'>locus,</span> <span class='ocrx_word' id='word_1_41' title='bbox 1401 558 1530 595; x_wconf 90' lang='lat' dir='ltr'>quem</span> <span class='ocrx_word' id='word_1_42' title='bbox 1563 549 1692 587; x_wconf 84' lang='lat' dir='ltr'>affert</span> <span class='ocrx_word' id='word_1_43' title='bbox 1724 549 1856 587; x_wconf 88' lang='lat' dir='ltr'>Kock.</span> <span class='ocrx_word' id='word_1_44' title='bbox 1885 549 1977 588; x_wconf 92' lang='lat' dir='ltr'>Hoc</span> 
     </span>
     <span class='ocr_line' id='line_1_6' title="bbox 276 607 1701 663; baseline 0.006 -16"><span class='ocrx_word' id='word_1_45' title='bbox 276 607 433 656; x_wconf 84' lang='lat' dir='ltr'>placet.</span> <span class='ocrx_word' id='word_1_46' title='bbox 470 631 521 637; x_wconf 86' lang='lat'><strong>—</strong></span> <span class='ocrx_word' id='word_1_47' title='bbox 555 610 798 650; x_wconf 84' lang='lat' dir='ltr'>Themistio</span> <span class='ocrx_word' id='word_1_48' title='bbox 829 612 874 650; x_wconf 83' lang='lat' dir='ltr'>et</span> <span class='ocrx_word' id='word_1_49' title='bbox 906 611 1139 650; x_wconf 83' lang='lat' dir='ltr'>Menandro</span> <span class='ocrx_word' id='word_1_50' title='bbox 1171 611 1435 663; x_wconf 78' lang='grc' dir='ltr'><strong><em>παραπέφυκε</em></strong></span> <span class='ocrx_word' id='word_1_51' title='bbox 1467 616 1608 655; x_wconf 87' lang='lat' dir='ltr'>reddit</span> <span class='ocrx_word' id='word_1_52' title='bbox 1639 616 1701 654; x_wconf 85' lang='lat' dir='ltr'>Bl.</span> 
     </span>
    </p>

    <p class='ocr_par' dir='ltr' id='par_1_4' title="bbox 218 674 1975 921">
     <span class='ocr_line' id='line_1_7' title="bbox 218 674 1975 731; baseline 0.004 -17"><span class='ocrx_word' id='word_1_53' title='bbox 218 674 286 714; x_wconf 88' lang='lat' dir='ltr'>Fr.</span> <span class='ocrx_word' id='word_1_54' title='bbox 318 676 419 715; x_wconf 89' lang='lat'>409.</span> <span class='ocrx_word' id='word_1_55' title='bbox 453 677 604 716; x_wconf 87' lang='lat' dir='ltr'>Kockii</span> <span class='ocrx_word' id='word_1_56' title='bbox 646 688 747 717; x_wconf 90' lang='lat' dir='ltr'>cum</span> <span class='ocrx_word' id='word_1_57' title='bbox 779 678 932 717; x_wconf 91' lang='lat' dir='ltr'>eodem</span> <span class='ocrx_word' id='word_1_58' title='bbox 965 678 1095 727; x_wconf 90' lang='lat' dir='ltr'>probo</span> <span class='ocrx_word' id='word_1_59' title='bbox 1129 681 1464 731; x_wconf 83' lang='lat' dir='ltr'>correctionem,</span> <span class='ocrx_word' id='word_1_60' title='bbox 1499 683 1560 722; x_wconf 86' lang='lat' dir='ltr'>ita</span> <span class='ocrx_word' id='word_1_61' title='bbox 1591 686 1739 722; x_wconf 87' lang='lat' dir='ltr'>tamen</span> <span class='ocrx_word' id='word_1_62' title='bbox 1776 685 1823 722; x_wconf 87' lang='lat' dir='ltr'>ut</span> <span class='ocrx_word' id='word_1_63' title='bbox 1853 694 1917 723; x_wconf 76' lang='lat' dir='ltr'>vs,</span> <span class='ocrx_word' id='word_1_64' title='bbox 1951 684 1975 721; x_wconf 84' lang='lat'><strong>2</strong></span> 
     </span>
     <span class='ocr_line' id='line_1_8' title="bbox 276 740 1974 800; baseline 0.004 -18"><span class='ocrx_word' id='word_1_65' title='bbox 276 744 496 791; x_wconf 81' lang='lat' dir='ltr'>requiram</span> <span class='ocrx_word' id='word_1_66' title='bbox 543 740 629 784; x_wconf 76' lang='grc' dir='ltr'>ὥστ’</span> <span class='ocrx_word' id='word_1_67' title='bbox 677 742 762 795; x_wconf 84' lang='grc' dir='ltr'>ἐμὲ</span> <span class='ocrx_word' id='word_1_68' title='bbox 812 744 866 795; x_wconf 85' lang='grc' dir='ltr'>μὴ</span> <span class='ocrx_word' id='word_1_69' title='bbox 908 748 1032 794; x_wconf 84' lang='grc' dir='ltr'><em>πιεῖν,</em></span> <span class='ocrx_word' id='word_1_70' title='bbox 1072 747 1219 786; x_wconf 81' lang='lat' dir='ltr'>addito</span> <span class='ocrx_word' id='word_1_71' title='bbox 1250 750 1524 800; x_wconf 83' lang='lat' dir='ltr'>pronomine,</span> <span class='ocrx_word' id='word_1_72' title='bbox 1560 751 1672 799; x_wconf 90' lang='lat' dir='ltr'>quod</span> <span class='ocrx_word' id='word_1_73' title='bbox 1713 751 1749 789; x_wconf 91' lang='lat' dir='ltr'>si</span> <span class='ocrx_word' id='word_1_74' title='bbox 1782 750 1974 799; x_wconf 84' lang='lat' dir='ltr'>abesset,</span> 
     </span>
     <span class='ocr_line' id='line_1_9' title="bbox 278 810 1974 866; baseline 0.003 -16"><span class='ocrx_word' id='word_1_75' title='bbox 278 811 410 851; x_wconf 88' lang='lat' dir='ltr'>verba</span> <span class='ocrx_word' id='word_1_76' title='bbox 441 811 537 851; x_wconf 79' lang='grc' dir='ltr'><strong><em>ὥστε</em></strong></span> <span class='ocrx_word' id='word_1_77' title='bbox 567 810 621 863; x_wconf 81' lang='grc' dir='ltr'>μὴ</span> <span class='ocrx_word' id='word_1_78' title='bbox 652 815 758 851; x_wconf 80' lang='grc' dir='ltr'><strong><em>πιεῖν</em></strong></span> <span class='ocrx_word' id='word_1_79' title='bbox 790 813 1039 853; x_wconf 84' lang='lat' dir='ltr'>necessario</span> <span class='ocrx_word' id='word_1_80' title='bbox 1079 815 1232 853; x_wconf 86' lang='lat' dir='ltr'>contra</span> <span class='ocrx_word' id='word_1_81' title='bbox 1262 817 1529 855; x_wconf 87' lang='lat' dir='ltr'>sententiam</span> <span class='ocrx_word' id='word_1_82' title='bbox 1563 818 1615 856; x_wconf 87' lang='lat' dir='ltr'>ad</span> <span class='ocrx_word' id='word_1_83' title='bbox 1648 818 1789 866; x_wconf 84' lang='lat' dir='ltr'>ipsam</span> <span class='ocrx_word' id='word_1_84' title='bbox 1822 817 1974 865; x_wconf 91' lang='lat' dir='ltr'>Croby-</span> 
     </span>
     <span class='ocr_line' id='line_1_10' title="bbox 276 877 1137 921; baseline 0.003 -4"><span class='ocrx_word' id='word_1_85' title='bbox 276 877 346 917; x_wconf 91' lang='lat' dir='ltr'>len</span> <span class='ocrx_word' id='word_1_86' title='bbox 379 879 606 919; x_wconf 81' lang='lat' dir='ltr'>referenda</span> <span class='ocrx_word' id='word_1_87' title='bbox 636 880 793 920; x_wconf 86' lang='lat' dir='ltr'>forent.</span> <span class='ocrx_word' id='word_1_88' title='bbox 826 880 940 919; x_wconf 90' lang='lat' dir='ltr'>Olim</span> <span class='ocrx_word' id='word_1_89' title='bbox 973 881 1137 921; x_wconf 89' lang='lat' dir='ltr'>monui.</span> 
     </span>
    </p>

    <p class='ocr_par' dir='ltr' id='par_1_5' title="bbox 221 944 1910 999">
     <span class='ocr_line' id='line_1_11' title="bbox 221 944 1910 999; baseline 0.002 -14"><span class='ocrx_word' id='word_1_90' title='bbox 221 944 286 985; x_wconf 85' lang='lat' dir='ltr'>Fr.</span> <span class='ocrx_word' id='word_1_91' title='bbox 318 946 418 985; x_wconf 88' lang='lat'>413.</span> <span class='ocrx_word' id='word_1_92' title='bbox 452 947 501 986; x_wconf 90' lang='lat' dir='ltr'>In</span> <span class='ocrx_word' id='word_1_93' title='bbox 533 947 708 987; x_wconf 79' lang='lat' dir='ltr'>Caecilii</span> <span class='ocrx_word' id='word_1_94' title='bbox 737 947 830 987; x_wconf 90' lang='lat' dir='ltr'>loco</span> <span class='ocrx_word' id='word_1_95' title='bbox 865 958 964 987; x_wconf 88' lang='lat' dir='ltr'>vere</span> <span class='ocrx_word' id='word_1_96' title='bbox 997 948 1211 988; x_wconf 87' lang='lat' dir='ltr'>Headlam</span> <span class='ocrx_word' id='word_1_97' title='bbox 1249 951 1459 989; x_wconf 80' lang='lat' dir='ltr'>correxit:</span> <span class='ocrx_word' id='word_1_98' title='bbox 1494 961 1607 993; x_wconf 89' lang='lat' dir='ltr'>nono</span> <span class='ocrx_word' id='word_1_99' title='bbox 1645 959 1910 999; x_wconf 87' lang='lat' dir='ltr'>&lt;quo&gt;que.</span> 
     </span>
    </p>

    <p class='ocr_par' dir='ltr' id='par_1_6' title="bbox 219 1013 1048 1064">
     <span class='ocr_line' id='line_1_12' title="bbox 219 1013 1048 1064; baseline 0.005 -13"><span class='ocrx_word' id='word_1_100' title='bbox 219 1013 287 1052; x_wconf 92' lang='lat' dir='ltr'>Fr.</span> <span class='ocrx_word' id='word_1_101' title='bbox 325 1015 409 1053; x_wconf 87' lang='lat'>417</span> <span class='ocrx_word' id='word_1_102' title='bbox 429 1024 467 1054; x_wconf 83' lang='lat' dir='ltr'>a.</span> <span class='ocrx_word' id='word_1_103' title='bbox 501 1014 564 1054; x_wconf 93' lang='grc' dir='ltr'>Β1.</span> <span class='ocrx_word' id='word_1_104' title='bbox 597 1013 644 1053; x_wconf 85' lang='grc' dir='ltr'>τὰ</span> <span class='ocrx_word' id='word_1_105' title='bbox 674 1025 750 1064; x_wconf 91' lang='lat' dir='ltr'>pro</span> <span class='ocrx_word' id='word_1_106' title='bbox 781 1013 824 1053; x_wconf 83' lang='grc' dir='ltr'>τὸ</span> <span class='ocrx_word' id='word_1_107' title='bbox 854 1015 1048 1063; x_wconf 84' lang='lat' dir='ltr'>requirit.</span> 
     </span>
    </p>

    <p class='ocr_par' dir='ltr' id='par_1_7' title="bbox 218 1077 1977 1324">
     <span class='ocr_line' id='line_1_13' title="bbox 218 1077 1976 1134; baseline 0.002 -16"><span class='ocrx_word' id='word_1_108' title='bbox 218 1080 286 1119; x_wconf 90' lang='lat' dir='ltr'>Fr.</span> <span class='ocrx_word' id='word_1_109' title='bbox 319 1081 419 1121; x_wconf 83' lang='lat'>419.</span> <span class='ocrx_word' id='word_1_110' title='bbox 453 1082 704 1131; x_wconf 88' lang='lat' dir='ltr'>Legendum</span> <span class='ocrx_word' id='word_1_111' title='bbox 737 1093 801 1121; x_wconf 90' lang='lat' dir='ltr'>vs.</span> <span class='ocrx_word' id='word_1_112' title='bbox 838 1083 859 1120; x_wconf 94' lang='lat'>1</span> <span class='ocrx_word' id='word_1_113' title='bbox 893 1080 936 1120; x_wconf 76' lang='grc' dir='ltr'>δὲ</span> <span class='ocrx_word' id='word_1_114' title='bbox 967 1093 1043 1132; x_wconf 93' lang='lat' dir='ltr'>pro</span> <span class='ocrx_word' id='word_1_115' title='bbox 1076 1079 1112 1121; x_wconf 87' lang='grc' dir='ltr'>δ’</span> <span class='ocrx_word' id='word_1_116' title='bbox 1148 1077 1192 1122; x_wconf 85' lang='grc' dir='ltr'>εὖ</span> <span class='ocrx_word' id='word_1_117' title='bbox 1225 1094 1324 1123; x_wconf 89' lang='lat' dir='ltr'>cum</span> <span class='ocrx_word' id='word_1_118' title='bbox 1350 1085 1618 1124; x_wconf 79' lang='lat' dir='ltr'>Jernstedtio</span> <span class='ocrx_word' id='word_1_119' title='bbox 1647 1087 1689 1124; x_wconf 87' lang='lat' dir='ltr'>et</span> <span class='ocrx_word' id='word_1_120' title='bbox 1717 1096 1780 1124; x_wconf 89' lang='lat' dir='ltr'>vs.</span> <span class='ocrx_word' id='word_1_121' title='bbox 1801 1086 1825 1123; x_wconf 84' lang='lat'><strong>2</strong></span> <span class='ocrx_word' id='word_1_122' title='bbox 1851 1084 1976 1134; x_wconf 87' lang='grc' dir='ltr'><strong><em>μόνον</em></strong></span> 
     </span>
     <span class='ocr_line' id='line_1_14' title="bbox 278 1147 1977 1202; baseline 0.002 -15"><span class='ocrx_word' id='word_1_123' title='bbox 278 1158 352 1197; x_wconf 88' lang='lat' dir='ltr'>pro</span> <span class='ocrx_word' id='word_1_124' title='bbox 383 1147 455 1199; x_wconf 87' lang='grc' dir='ltr'><strong><em>μέν</em></strong></span> <span class='ocrx_word' id='word_1_125' title='bbox 487 1160 587 1189; x_wconf 89' lang='lat' dir='ltr'>cum</span> <span class='ocrx_word' id='word_1_126' title='bbox 619 1150 825 1190; x_wconf 87' lang='lat' dir='ltr'>Nauckio.</span> <span class='ocrx_word' id='word_1_127' title='bbox 859 1150 1097 1190; x_wconf 82' lang='lat' dir='ltr'>Infeliciter</span> <span class='ocrx_word' id='word_1_128' title='bbox 1128 1150 1192 1190; x_wconf 91' lang='lat' dir='ltr'>Bl.</span> <span class='ocrx_word' id='word_1_129' title='bbox 1221 1147 1380 1202; x_wconf 83' lang='grc' dir='ltr'><strong><em>πρᾶγμ’.</em></strong></span> <span class='ocrx_word' id='word_1_130' title='bbox 1412 1152 1472 1191; x_wconf 85' lang='lat' dir='ltr'>Ut</span> <span class='ocrx_word' id='word_1_131' title='bbox 1502 1153 1670 1191; x_wconf 88' lang='lat' dir='ltr'>Latinis</span> <span class='ocrx_word' id='word_1_132' title='bbox 1701 1153 1977 1201; x_wconf 87' lang='lat' dir='ltr'>imperata</span> 
     </span>
     <span class='ocr_line' id='line_1_15' title="bbox 277 1216 1974 1270; baseline 0.001 -15"><span class='ocrx_word' id='word_1_133' title='bbox 277 1216 482 1266; x_wconf 76' lang='lat' dir='ltr'>facere,</span> <span class='ocrx_word' id='word_1_134' title='bbox 526 1217 589 1257; x_wconf 82' lang='lat' dir='ltr'>ita</span> <span class='ocrx_word' id='word_1_135' title='bbox 619 1217 797 1257; x_wconf 82' lang='lat' dir='ltr'>Graecis</span> <span class='ocrx_word' id='word_1_136' title='bbox 828 1220 956 1256; x_wconf 81' lang='grc' dir='ltr'><em>ποιεῖν</em></span> <span class='ocrx_word' id='word_1_137' title='bbox 987 1216 1033 1256; x_wconf 86' lang='grc' dir='ltr'>τὰ</span> <span class='ocrx_word' id='word_1_138' title='bbox 1063 1217 1299 1269; x_wconf 80' lang='grc' dir='ltr'><strong><em>κελευόμενα</em></strong></span> <span class='ocrx_word' id='word_1_139' title='bbox 1326 1218 1383 1265; x_wconf 82' lang='grc' dir='ltr'>(τὸ</span> <span class='ocrx_word' id='word_1_140' title='bbox 1414 1219 1689 1270; x_wconf 82' lang='grc' dir='ltr'><strong><em>κελευόμενον)</em></strong></span> <span class='ocrx_word' id='word_1_141' title='bbox 1730 1220 1974 1259; x_wconf 78' lang='lat' dir='ltr'>familiaris·</span> 
     </span>
     <span class='ocr_line' id='line_1_16' title="bbox 276 1284 723 1324; baseline 0.002 -1"><span class='ocrx_word' id='word_1_142' title='bbox 276 1284 393 1323; x_wconf 89' lang='lat' dir='ltr'>sima</span> <span class='ocrx_word' id='word_1_143' title='bbox 423 1286 491 1324; x_wconf 87' lang='lat' dir='ltr'>est</span> <span class='ocrx_word' id='word_1_144' title='bbox 521 1285 723 1324; x_wconf 85' lang='lat' dir='ltr'>formula.</span> 
     </span>
    </p>

    <p class='ocr_par' dir='ltr' id='par_1_8' title="bbox 219 1351 1978 1605">
     <span class='ocr_line' id='line_1_17' title="bbox 219 1351 1974 1402; baseline 0.002 -12"><span class='ocrx_word' id='word_1_145' title='bbox 219 1351 287 1390; x_wconf 88' lang='lat' dir='ltr'>Fr.</span> <span class='ocrx_word' id='word_1_146' title='bbox 320 1351 420 1401; x_wconf 89' lang='grc'>421,</span> <span class='ocrx_word' id='word_1_147' title='bbox 455 1352 494 1391; x_wconf 90' lang='grc'><strong>2.</strong></span> <span class='ocrx_word' id='word_1_148' title='bbox 543 1352 731 1402; x_wconf 85' lang='lat' dir='ltr'>Maligne</span> <span class='ocrx_word' id='word_1_149' title='bbox 771 1352 894 1392; x_wconf 88' lang='lat' dir='ltr'>Kock</span> <span class='ocrx_word' id='word_1_150' title='bbox 933 1353 1108 1392; x_wconf 87' lang='lat' dir='ltr'>reticuit</span> <span class='ocrx_word' id='word_1_151' title='bbox 1149 1363 1221 1392; x_wconf 88' lang='lat' dir='ltr'>me</span> <span class='ocrx_word' id='word_1_152' title='bbox 1262 1354 1324 1392; x_wconf 86' lang='lat' dir='ltr'>ita</span> <span class='ocrx_word' id='word_1_153' title='bbox 1366 1354 1604 1393; x_wconf 92' lang='lat' dir='ltr'>coniecisse</span> <span class='ocrx_word' id='word_1_154' title='bbox 1646 1354 1745 1393; x_wconf 91' lang='lat' dir='ltr'>Obs.</span> <span class='ocrx_word' id='word_1_155' title='bbox 1778 1354 1872 1393; x_wconf 87' lang='lat' dir='ltr'>crit.</span> <span class='ocrx_word' id='word_1_156' title='bbox 1906 1355 1974 1402; x_wconf 84' lang='lat'>90,</span> 
     </span>
     <span class='ocr_line' id='line_1_18' title="bbox 276 1418 1978 1470; baseline 0.001 -13"><span class='ocrx_word' id='word_1_157' title='bbox 276 1418 435 1458; x_wconf 84' lang='lat' dir='ltr'>collato</span> <span class='ocrx_word' id='word_1_158' title='bbox 463 1430 527 1459; x_wconf 90' lang='lat' dir='ltr'>vs.</span> <span class='ocrx_word' id='word_1_159' title='bbox 550 1419 729 1470; x_wconf 82' lang='lat' dir='ltr'>Calliae,</span> <span class='ocrx_word' id='word_1_160' title='bbox 758 1430 888 1468; x_wconf 89' lang='lat' dir='ltr'>quem</span> <span class='ocrx_word' id='word_1_161' title='bbox 916 1420 1201 1460; x_wconf 87' lang='lat' dir='ltr'>Menandrum</span> <span class='ocrx_word' id='word_1_162' title='bbox 1230 1421 1456 1460; x_wconf 87' lang='lat' dir='ltr'>imitatum</span> <span class='ocrx_word' id='word_1_163' title='bbox 1483 1431 1581 1460; x_wconf 89' lang='lat' dir='ltr'>esse</span> <span class='ocrx_word' id='word_1_164' title='bbox 1608 1422 1792 1461; x_wconf 84' lang='lat' dir='ltr'>constat.</span> <span class='ocrx_word' id='word_1_165' title='bbox 1821 1421 1978 1460; x_wconf 83' lang='lat' dir='ltr'>Postea</span> 
     </span>
     <span class='ocr_line' id='line_1_19' title="bbox 280 1485 1976 1538; baseline 0.001 -14"><span class='ocrx_word' id='word_1_166' title='bbox 280 1485 424 1525; x_wconf 77' lang='lat' dir='ltr'>addidi</span> <span class='ocrx_word' id='word_1_167' title='bbox 465 1486 616 1526; x_wconf 77' lang='lat' dir='ltr'>Galeni</span> <span class='ocrx_word' id='word_1_168' title='bbox 652 1487 794 1527; x_wconf 83' lang='lat' dir='ltr'>locum</span> <span class='ocrx_word' id='word_1_169' title='bbox 829 1488 870 1526; x_wconf 89' lang='lat' dir='ltr'>II</span> <span class='ocrx_word' id='word_1_170' title='bbox 903 1489 958 1527; x_wconf 82' lang='lat'>56</span> <span class='ocrx_word' id='word_1_171' title='bbox 1001 1488 1066 1527; x_wconf 84' lang='lat' dir='ltr'>ed.</span> <span class='ocrx_word' id='word_1_172' title='bbox 1110 1488 1240 1527; x_wconf 86' lang='lat' dir='ltr'>Kuhn</span> <span class='ocrx_word' id='word_1_173' title='bbox 1272 1485 1324 1534; x_wconf 82' lang='grc' dir='ltr'>ὦς</span> <span class='ocrx_word' id='word_1_174' title='bbox 1355 1485 1380 1537; x_wconf 78' lang='grc' dir='ltr'><strong><em>ἡ</em></strong></span> <span class='ocrx_word' id='word_1_175' title='bbox 1411 1487 1605 1538; x_wconf 82' lang='grc' dir='ltr'><strong><em>παροιμία</em></strong></span> <span class='ocrx_word' id='word_1_176' title='bbox 1637 1487 1758 1538; x_wconf 81' lang='grc' dir='ltr'><em>φησί,</em></span> <span class='ocrx_word' id='word_1_177' title='bbox 1802 1502 1976 1537; x_wconf 82' lang='grc' dir='ltr'><strong><em>μαινο-</em></strong></span> 
     </span>
     <span class='ocr_line' id='line_1_20' title="bbox 280 1550 1975 1605; baseline 0.001 -14"><span class='ocrx_word' id='word_1_178' title='bbox 280 1552 460 1603; x_wconf 83' lang='grc' dir='ltr'>μένοις</span> <span class='ocrx_word' id='word_1_179' title='bbox 500 1551 820 1605; x_wconf 76' lang='grc' dir='ltr'><strong><em>ἀναγκασθέντες</em></strong></span> <span class='ocrx_word' id='word_1_180' title='bbox 862 1560 1218 1605; x_wconf 84' lang='grc' dir='ltr'><strong><em>συμμανῆναι.</em></strong></span> <span class='ocrx_word' id='word_1_181' title='bbox 1267 1555 1416 1594; x_wconf 83' lang='lat' dir='ltr'>Nauck</span> <span class='ocrx_word' id='word_1_182' title='bbox 1459 1555 1683 1604; x_wconf 76' lang='lat' dir='ltr'>proposuit</span> <span class='ocrx_word' id='word_1_183' title='bbox 1731 1551 1768 1593; x_wconf 80' lang='grc' dir='ltr'>δ’</span> <span class='ocrx_word' id='word_1_184' title='bbox 1813 1550 1975 1593; x_wconf 78' lang='grc' dir='ltr'><strong><em>ἔνιόθ’</em></strong></span> 
     </span>
    </p>

    <p class='ocr_par' dir='ltr' id='par_1_9' title="bbox 206 1617 1978 1806">
     <span class='ocr_line' id='line_1_21' title="bbox 206 1617 1976 1671; baseline 0.001 -12"><span class='ocrx_word' id='word_1_185' title='bbox 206 1617 212 1621; x_wconf 82' lang='grc'><strong>’</strong></span> <span class='ocrx_word' id='word_1_186' title='bbox 279 1617 358 1670; x_wconf 80' lang='grc' dir='ltr'>ἡδύ</span> <span class='ocrx_word' id='word_1_187' title='bbox 389 1620 518 1666; x_wconf 85' lang='lat' dir='ltr'>(unde</span> <span class='ocrx_word' id='word_1_188' title='bbox 559 1621 623 1661; x_wconf 88' lang='lat' dir='ltr'>Bl.</span> <span class='ocrx_word' id='word_1_189' title='bbox 666 1622 774 1661; x_wconf 87' lang='lat' dir='ltr'>Add.</span> <span class='ocrx_word' id='word_1_190' title='bbox 817 1633 857 1671; x_wconf 93' lang='lat' dir='ltr'>p.</span> <span class='ocrx_word' id='word_1_191' title='bbox 891 1623 974 1661; x_wconf 88' lang='lat'>341</span> <span class='ocrx_word' id='word_1_192' title='bbox 1019 1621 1085 1660; x_wconf 81' lang='grc' dir='ltr'>δεῖ</span> <span class='ocrx_word' id='word_1_193' title='bbox 1115 1620 1269 1671; x_wconf 82' lang='grc' dir='ltr'><strong><em>“νιότε),</em></strong></span> <span class='ocrx_word' id='word_1_194' title='bbox 1319 1622 1416 1661; x_wconf 84' lang='lat' dir='ltr'>coll.</span> <span class='ocrx_word' id='word_1_195' title='bbox 1460 1623 1651 1661; x_wconf 83' lang='lat' dir='ltr'>Senecae</span> <span class='ocrx_word' id='word_1_196' title='bbox 1690 1623 1803 1671; x_wconf 93' lang='lat' dir='ltr'>loco,</span> <span class='ocrx_word' id='word_1_197' title='bbox 1847 1632 1976 1670; x_wconf 86' lang='lat' dir='ltr'>quem</span> 
     </span>
     <span class='ocr_line' id='line_1_22' title="bbox 280 1687 1978 1739; baseline 0.001 -13"><span class='ocrx_word' id='word_1_198' title='bbox 280 1687 408 1727; x_wconf 85' lang='lat' dir='ltr'>affert</span> <span class='ocrx_word' id='word_1_199' title='bbox 448 1688 583 1728; x_wconf 89' lang='lat' dir='ltr'>Kock.</span> <span class='ocrx_word' id='word_1_200' title='bbox 619 1687 742 1729; x_wconf 87' lang='grc' dir='ltr'><strong><em>&lt;Τὸν</em></strong></span> <span class='ocrx_word' id='word_1_201' title='bbox 773 1688 1003 1739; x_wconf 86' lang='grc' dir='ltr'><strong><em>σώφρονα&gt;</em></strong></span> <span class='ocrx_word' id='word_1_202' title='bbox 1042 1700 1127 1729; x_wconf 92' lang='lat' dir='ltr'>non</span> <span class='ocrx_word' id='word_1_203' title='bbox 1169 1697 1320 1729; x_wconf 89' lang='lat' dir='ltr'>meum</span> <span class='ocrx_word' id='word_1_204' title='bbox 1356 1690 1720 1738; x_wconf 87' lang='lat' dir='ltr'>&#39;supplementum</span> <span class='ocrx_word' id='word_1_205' title='bbox 1754 1691 1839 1738; x_wconf 92' lang='lat' dir='ltr'>est,</span> <span class='ocrx_word' id='word_1_206' title='bbox 1875 1690 1923 1727; x_wconf 88' lang='lat' dir='ltr'>ut</span> <span class='ocrx_word' id='word_1_207' title='bbox 1955 1699 1978 1727; x_wconf 91' lang='lat' dir='ltr'>e</span> 
     </span>
     <span class='ocr_line' id='line_1_23' title="bbox 281 1755 1173 1806; baseline 0.002 -12"><span class='ocrx_word' id='word_1_208' title='bbox 281 1755 434 1794; x_wconf 87' lang='lat' dir='ltr'>Kockii</span> <span class='ocrx_word' id='word_1_209' title='bbox 468 1756 612 1795; x_wconf 84' lang='lat' dir='ltr'>verbis</span> <span class='ocrx_word' id='word_1_210' title='bbox 644 1755 856 1806; x_wconf 84' lang='lat' dir='ltr'>efficereS,</span> <span class='ocrx_word' id='word_1_211' title='bbox 895 1757 971 1796; x_wconf 91' lang='lat' dir='ltr'>sed</span> <span class='ocrx_word' id='word_1_212' title='bbox 1002 1757 1173 1796; x_wconf 87' lang='lat' dir='ltr'>Naberi.</span> 
     </span>
    </p>

    <p class='ocr_par' dir='ltr' id='par_1_10' title="bbox 223 1822 1979 1930">
     <span class='ocr_line' id='line_1_24' title="bbox 223 1822 1979 1874; baseline 0.001 -14"><span class='ocrx_word' id='word_1_213' title='bbox 223 1822 290 1862; x_wconf 85' lang='lat' dir='ltr'>Fr.</span> <span class='ocrx_word' id='word_1_214' title='bbox 323 1823 422 1862; x_wconf 85' lang='grc'><strong>425.</strong></span> <span class='ocrx_word' id='word_1_215' title='bbox 474 1822 616 1873; x_wconf 88' lang='lat' dir='ltr'>Varie,</span> <span class='ocrx_word' id='word_1_216' title='bbox 665 1824 741 1863; x_wconf 89' lang='lat' dir='ltr'>sed</span> <span class='ocrx_word' id='word_1_217' title='bbox 770 1834 927 1873; x_wconf 87' lang='lat' dir='ltr'>parum</span> <span class='ocrx_word' id='word_1_218' title='bbox 969 1824 1166 1874; x_wconf 79' lang='lat' dir='ltr'>feliciter,</span> <span class='ocrx_word' id='word_1_219' title='bbox 1208 1825 1352 1863; x_wconf 84' lang='lat' dir='ltr'>tentat</span> <span class='ocrx_word' id='word_1_220' title='bbox 1385 1824 1468 1873; x_wconf 92' lang='lat' dir='ltr'>Bl.,</span> <span class='ocrx_word' id='word_1_221' title='bbox 1512 1834 1591 1863; x_wconf 93' lang='lat' dir='ltr'>nec</span> <span class='ocrx_word' id='word_1_222' title='bbox 1630 1824 1872 1863; x_wconf 89' lang='lat' dir='ltr'>audiendus</span> <span class='ocrx_word' id='word_1_223' title='bbox 1911 1824 1979 1862; x_wconf 88' lang='lat' dir='ltr'>est</span> 
     </span>
     <span class='ocr_line' id='line_1_25' title="bbox 282 1890 709 1930; baseline 0.005 -2"><span class='ocrx_word' id='word_1_224' title='bbox 282 1890 397 1929; x_wconf 91' lang='lat' dir='ltr'>idem</span> <span class='ocrx_word' id='word_1_225' title='bbox 430 1890 483 1929; x_wconf 89' lang='lat' dir='ltr'>ad</span> <span class='ocrx_word' id='word_1_226' title='bbox 516 1891 567 1930; x_wconf 84' lang='lat' dir='ltr'>fr.</span> <span class='ocrx_word' id='word_1_227' title='bbox 610 1891 709 1930; x_wconf 82' lang='lat'>428.</span> 
     </span>
    </p>
   </div>
   <div class='ocr_carea' id='block_1_3' title="bbox 0 1957 1984 3287">
    <p class='ocr_par' dir='ltr' id='par_1_11' title="bbox 0 1957 1984 3287">
     <span class='ocr_line' id='line_1_26' title="bbox 223 1957 1977 1998; baseline -0.001 -2"><span class='ocrx_word' id='word_1_228' title='bbox 223 1958 291 1997; x_wconf 89' lang='lat' dir='ltr'>Fr.</span> <span class='ocrx_word' id='word_1_229' title='bbox 325 1958 424 1996; x_wconf 86' lang='lat'>430.</span> <span class='ocrx_word' id='word_1_230' title='bbox 468 1957 590 1997; x_wconf 87' lang='lat' dir='ltr'>Kock</span> <span class='ocrx_word' id='word_1_231' title='bbox 631 1959 761 1998; x_wconf 84' lang='lat' dir='ltr'>verba</span> <span class='ocrx_word' id='word_1_232' title='bbox 800 1959 864 1998; x_wconf 90' lang='lat' dir='ltr'>sic</span> <span class='ocrx_word' id='word_1_233' title='bbox 906 1959 1105 1998; x_wconf 89' lang='lat' dir='ltr'>dividens</span> <span class='ocrx_word' id='word_1_234' title='bbox 1146 1958 1280 1998; x_wconf 89' lang='lat' dir='ltr'>citare</span> <span class='ocrx_word' id='word_1_235' title='bbox 1321 1958 1529 1997; x_wconf 86' lang='lat' dir='ltr'>debuerat</span> <span class='ocrx_word' id='word_1_236' title='bbox 1570 1958 1787 1997; x_wconf 83' lang='lat' dir='ltr'>Naberum</span> <span class='ocrx_word' id='word_1_237' title='bbox 1822 1957 1977 1996; x_wconf 89' lang='lat' dir='ltr'>Mnem.</span> 
     </span>
     <span class='ocr_line' id='line_1_27' title="bbox 280 2024 962 2080; baseline 0.007 -18"><span class='ocrx_word' id='word_1_238' title='bbox 280 2024 384 2063; x_wconf 89' lang='lat' dir='ltr'>VIII</span> <span class='ocrx_word' id='word_1_239' title='bbox 421 2025 537 2075; x_wconf 60' lang='lat'>125„</span> <span class='ocrx_word' id='word_1_240' title='bbox 959 2078 962 2080; x_wconf 17' lang='grc' dir='ltr'>Ι</span> 
     </span>
     <span class='ocr_line' id='line_1_28' title="bbox 0 2076 1977 2199; baseline -0.002 -67"><span class='ocrx_word' id='word_1_241' title='bbox 0 2090 120 2143; x_wconf 40' lang='lat' dir='ltr'>ff&amp;</span> <span class='ocrx_word' id='word_1_242' title='bbox 153 2087 300 2132; x_wconf 55' lang='grc' dir='ltr'>’ῙΡΓᾸ</span> <span class='ocrx_word' id='word_1_243' title='bbox 324 2076 423 2199; x_wconf 59' lang='grc' dir='ltr'><strong>41ξ1,</strong></span> <span class='ocrx_word' id='word_1_244' title='bbox 457 2093 497 2131; x_wconf 89' lang='grc'><strong>4.</strong></span> <span class='ocrx_word' id='word_1_245' title='bbox 531 2091 591 2131; x_wconf 84' lang='lat' dir='ltr'>Of.</span> <span class='ocrx_word' id='word_1_246' title='bbox 625 2093 676 2132; x_wconf 86' lang='lat' dir='ltr'>fr.</span> <span class='ocrx_word' id='word_1_247' title='bbox 709 2094 809 2142; x_wconf 81' lang='lat'>531,</span> <span class='ocrx_word' id='word_1_248' title='bbox 845 2093 868 2132; x_wconf 88' lang='lat'><strong>7</strong></span> <span class='ocrx_word' id='word_1_249' title='bbox 902 2103 965 2141; x_wconf 91' lang='lat' dir='ltr'>sq.</span> <span class='ocrx_word' id='word_1_250' title='bbox 1000 2093 1072 2132; x_wconf 92' lang='lat' dir='ltr'>Vs.</span> <span class='ocrx_word' id='word_1_251' title='bbox 1100 2102 1238 2132; x_wconf 86' lang='lat' dir='ltr'>sanus</span> <span class='ocrx_word' id='word_1_252' title='bbox 1267 2093 1438 2132; x_wconf 89' lang='lat' dir='ltr'>videtur</span> <span class='ocrx_word' id='word_1_253' title='bbox 1465 2103 1544 2132; x_wconf 90' lang='lat' dir='ltr'>nec</span> <span class='ocrx_word' id='word_1_254' title='bbox 1570 2092 1812 2132; x_wconf 89' lang='lat' dir='ltr'>audiendus</span> <span class='ocrx_word' id='word_1_255' title='bbox 1839 2091 1977 2139; x_wconf 89' lang='lat' dir='ltr'>Kock‚</span> 
     </span>
     <span class='ocr_line' id='line_1_29' title="bbox 104 2082 1981 2243; baseline -0.002 -43"><span class='ocrx_word' id='word_1_256' title='bbox 104 2082 152 2243; x_wconf 48' lang='grc' dir='ltr'><em>ί</em></span> <span class='ocrx_word' id='word_1_257' title='bbox 281 2160 348 2200; x_wconf 89' lang='lat' dir='ltr'>cu&#39;</span> <span class='ocrx_word' id='word_1_258' title='bbox 384 2170 406 2199; x_wconf 87' lang='lat' dir='ltr'>s</span> <span class='ocrx_word' id='word_1_259' title='bbox 447 2160 696 2199; x_wconf 88' lang='lat' dir='ltr'>coniectura</span> <span class='ocrx_word' id='word_1_260' title='bbox 727 2159 902 2211; x_wconf 81' lang='grc' dir='ltr'><strong><em>οὐρανόν</em></strong></span> <span class='ocrx_word' id='word_1_261' title='bbox 933 2171 1008 2209; x_wconf 90' lang='lat' dir='ltr'>pro</span> <span class='ocrx_word' id='word_1_262' title='bbox 1040 2159 1176 2198; x_wconf 85' lang='grc' dir='ltr'><strong><em>κοινόν</em></strong></span> <span class='ocrx_word' id='word_1_263' title='bbox 1204 2160 1413 2199; x_wconf 84' lang='lat' dir='ltr'>vitiosum</span> <span class='ocrx_word' id='word_1_264' title='bbox 1440 2159 1572 2199; x_wconf 84' lang='lat' dir='ltr'>infert</span> <span class='ocrx_word' id='word_1_265' title='bbox 1598 2161 1902 2208; x_wconf 84' lang='lat' dir='ltr'>anapaestum,</span> <span class='ocrx_word' id='word_1_266' title='bbox 1938 2159 1981 2197; x_wconf 79' lang='lat' dir='ltr'>et.</span> 
     </span>
     <span class='ocr_line' id='line_1_30' title="bbox 0 2225 1980 2276; baseline -0.002 -9"><span class='ocrx_word' id='word_1_267' title='bbox 0 2225 219 2261; x_wconf 37' lang='lat' dir='ltr'>&amp;xj-s</span> <span class='ocrx_word' id='word_1_268' title='bbox 282 2227 403 2267; x_wconf 90' lang='lat' dir='ltr'>omni</span> <span class='ocrx_word' id='word_1_269' title='bbox 450 2226 753 2276; x_wconf 80' lang='lat' dir='ltr'>probabilitate</span> <span class='ocrx_word' id='word_1_270' title='bbox 802 2229 920 2267; x_wconf 89' lang='lat' dir='ltr'>caret</span> <span class='ocrx_word' id='word_1_271' title='bbox 962 2227 1182 2275; x_wconf 89' lang='lat' dir='ltr'>Blaydesii</span> <span class='ocrx_word' id='word_1_272' title='bbox 1222 2227 1413 2276; x_wconf 90' lang='lat' dir='ltr'>suspicio</span> <span class='ocrx_word' id='word_1_273' title='bbox 1454 2227 1570 2266; x_wconf 89' lang='lat' dir='ltr'>idem</span> <span class='ocrx_word' id='word_1_274' title='bbox 1612 2226 1869 2265; x_wconf 90' lang='lat' dir='ltr'>vocabulum</span> <span class='ocrx_word' id='word_1_275' title='bbox 1904 2235 1980 2274; x_wconf 89' lang='lat' dir='ltr'>pro</span> 
     </span>
     <span class='ocr_line' id='line_1_31' title="bbox 283 2289 1978 2347; baseline -0.001 -15"><span class='ocrx_word' id='word_1_276' title='bbox 283 2290 405 2345; x_wconf 70' lang='grc' dir='ltr'><strong><em>ἄστρ’,</em></strong></span> <span class='ocrx_word' id='word_1_277' title='bbox 447 2293 556 2345; x_wconf 77' lang='grc' dir='ltr'><strong><em>ὕδωρ</em></strong></span> <span class='ocrx_word' id='word_1_278' title='bbox 603 2294 928 2334; x_wconf 69' lang='lat' dir='ltr'>substituentis.</span> <span class='ocrx_word' id='word_1_279' title='bbox 964 2317 1016 2322; x_wconf 92' lang='lat'>—-</span> <span class='ocrx_word' id='word_1_280' title='bbox 1062 2295 1135 2334; x_wconf 89' lang='lat' dir='ltr'>VS.</span> <span class='ocrx_word' id='word_1_281' title='bbox 1183 2295 1248 2333; x_wconf 91' lang='grc'>11.</span> <span class='ocrx_word' id='word_1_282' title='bbox 1294 2291 1344 2331; x_wconf 76' lang='grc' dir='ltr'><strong><em>ἂν</em></strong></span> <span class='ocrx_word' id='word_1_283' title='bbox 1386 2291 1472 2347; x_wconf 74' lang='grc' dir='ltr'>πρῲ</span> <span class='ocrx_word' id='word_1_284' title='bbox 1516 2289 1551 2331; x_wconf 78' lang='grc' dir='ltr'>δ’</span> <span class='ocrx_word' id='word_1_285' title='bbox 1602 2291 1780 2347; x_wconf 79' lang='grc' dir='ltr'><em>ἀπέλθῃς</em></span> <span class='ocrx_word' id='word_1_286' title='bbox 1827 2293 1890 2331; x_wconf 90' lang='lat' dir='ltr'>Bl.</span> <span class='ocrx_word' id='word_1_287' title='bbox 1926 2314 1978 2320; x_wconf 93' lang='lat'>—</span> 
     </span>
     <span class='ocr_line' id='line_1_32' title="bbox 284 2360 1981 2412; baseline -0.002 -12"><span class='ocrx_word' id='word_1_288' title='bbox 284 2361 358 2401; x_wconf 89' lang='lat' dir='ltr'>Vs.</span> <span class='ocrx_word' id='word_1_289' title='bbox 381 2363 446 2401; x_wconf 89' lang='lat'>13.</span> <span class='ocrx_word' id='word_1_290' title='bbox 473 2361 689 2412; x_wconf 85' lang='grc' dir='ltr'><strong><em>σκορπίσας</em></strong></span> <span class='ocrx_word' id='word_1_291' title='bbox 715 2362 840 2410; x_wconf 87' lang='lat' dir='ltr'>Ellis;</span> <span class='ocrx_word' id='word_1_292' title='bbox 868 2362 1027 2402; x_wconf 88' lang='lat' dir='ltr'>melius</span> <span class='ocrx_word' id='word_1_293' title='bbox 1049 2362 1243 2408; x_wconf 79' lang='grc' dir='ltr'><strong><em>κοπιάσας</em></strong></span> <span class='ocrx_word' id='word_1_294' title='bbox 1270 2361 1481 2410; x_wconf 85' lang='lat' dir='ltr'>Meineke,</span> <span class='ocrx_word' id='word_1_295' title='bbox 1509 2361 1620 2409; x_wconf 88' lang='lat' dir='ltr'>quod</span> <span class='ocrx_word' id='word_1_296' title='bbox 1647 2361 1748 2409; x_wconf 86' lang='lat' dir='ltr'>quia</span> <span class='ocrx_word' id='word_1_297' title='bbox 1774 2369 1798 2397; x_wconf 81' lang='grc' dir='ltr'><em>ᾶ</em></span> <span class='ocrx_word' id='word_1_298' title='bbox 1825 2360 1981 2407; x_wconf 90' lang='lat' dir='ltr'>corripi</span> 
     </span>
     <span class='ocr_line' id='line_1_33' title="bbox 285 2426 1975 2479; baseline -0.002 -10"><span class='ocrx_word' id='word_1_299' title='bbox 285 2439 371 2469; x_wconf 87' lang='lat' dir='ltr'>non</span> <span class='ocrx_word' id='word_1_300' title='bbox 411 2429 571 2479; x_wconf 86' lang='lat' dir='ltr'>potuit,</span> <span class='ocrx_word' id='word_1_301' title='bbox 614 2439 803 2478; x_wconf 89' lang='lat' dir='ltr'>sequens</span> <span class='ocrx_word' id='word_1_302' title='bbox 844 2427 1020 2468; x_wconf 81' lang='grc' dir='ltr'><strong><em>ἀπώλεσε</em></strong></span> <span class='ocrx_word' id='word_1_303' title='bbox 1061 2430 1104 2468; x_wconf 84' lang='lat' dir='ltr'>in</span> <span class='ocrx_word' id='word_1_304' title='bbox 1146 2427 1299 2478; x_wconf 74' lang='grc' dir='ltr'><strong><em>ἔφθασε</em></strong></span> <span class='ocrx_word' id='word_1_305' title='bbox 1337 2429 1556 2476; x_wconf 87' lang='lat' dir='ltr'>quondam</span> <span class='ocrx_word' id='word_1_306' title='bbox 1589 2427 1866 2476; x_wconf 85' lang='lat' dir='ltr'>refingebam.</span> <span class='ocrx_word' id='word_1_307' title='bbox 1900 2426 1975 2465; x_wconf 89' lang='lat' dir='ltr'>Me·</span> 
     </span>
     <span class='ocr_line' id='line_1_34' title="bbox 283 2492 1752 2551; baseline -0.002 -15"><span class='ocrx_word' id='word_1_308' title='bbox 283 2497 437 2536; x_wconf 86' lang='lat' dir='ltr'>nandri</span> <span class='ocrx_word' id='word_1_309' title='bbox 459 2492 725 2551; x_wconf 76' lang='grc' dir='ltr'><strong><em>Ῥαπιζομένῃ</em></strong></span> <span class='ocrx_word' id='word_1_310' title='bbox 756 2507 779 2536; x_wconf 90' lang='lat' dir='ltr'>e</span> <span class='ocrx_word' id='word_1_311' title='bbox 811 2497 969 2536; x_wconf 82' lang='lat' dir='ltr'>Lexico</span> <span class='ocrx_word' id='word_1_312' title='bbox 1002 2496 1247 2536; x_wconf 84' lang='lat' dir='ltr'>Sabbaitico</span> <span class='ocrx_word' id='word_1_313' title='bbox 1280 2506 1319 2545; x_wconf 90' lang='lat' dir='ltr'>p.</span> <span class='ocrx_word' id='word_1_314' title='bbox 1357 2496 1422 2544; x_wconf 89' lang='lat'>18,</span> <span class='ocrx_word' id='word_1_315' title='bbox 1461 2497 1512 2534; x_wconf 89' lang='grc'>16</span> <span class='ocrx_word' id='word_1_316' title='bbox 1546 2495 1752 2534; x_wconf 86' lang='lat' dir='ltr'>accessit:</span> 
     </span>
     <span class='ocr_line' id='line_1_35' title="bbox 1349 2561 1628 2613; baseline -0.007 -12"><span class='ocrx_word' id='word_1_317' title='bbox 1349 2562 1422 2601; x_wconf 82' lang='grc' dir='ltr'>οὐκ</span> <span class='ocrx_word' id='word_1_318' title='bbox 1454 2561 1628 2613; x_wconf 67' lang='grc' dir='ltr'><strong><em>ἴμβαρον</em></strong></span> 
     </span>
     <span class='ocr_line' id='line_1_36' title="bbox 464 2624 1757 2683; baseline -0.002 -14"><span class='ocrx_word' id='word_1_319' title='bbox 464 2632 505 2669; x_wconf 92' lang='grc' dir='ltr'><strong>Β.</strong></span> <span class='ocrx_word' id='word_1_320' title='bbox 539 2631 576 2670; x_wconf 82' lang='grc' dir='ltr'>τί</span> <span class='ocrx_word' id='word_1_321' title='bbox 604 2635 694 2680; x_wconf 86' lang='lat' dir='ltr'>(pro</span> <span class='ocrx_word' id='word_1_322' title='bbox 726 2631 759 2670; x_wconf 83' lang='grc' dir='ltr'><strong><em>εἰ</em></strong></span> <span class='ocrx_word' id='word_1_323' title='bbox 791 2631 925 2677; x_wconf 85' lang='lat' dir='ltr'>Kock)</span> <span class='ocrx_word' id='word_1_324' title='bbox 958 2629 1149 2682; x_wconf 73' lang='grc' dir='ltr'><strong><em>ἕμβαροςς</em></strong></span> <span class='ocrx_word' id='word_1_325' title='bbox 1180 2628 1378 2683; x_wconf 78' lang='grc' dir='ltr'><strong><em>ἀρχᾳσμὸς</em></strong></span> <span class='ocrx_word' id='word_1_326' title='bbox 1410 2624 1526 2676; x_wconf 82' lang='grc' dir='ltr'><strong><em>οὗτος</em></strong></span> <span class='ocrx_word' id='word_1_327' title='bbox 1560 2628 1757 2680; x_wconf 78' lang='grc' dir='ltr'>ῥημάτων.</span> 
     </span>
     <span class='ocr_line' id='line_1_37' title="bbox 287 2699 736 2739; baseline -0.002 0"><span class='ocrx_word' id='word_1_328' title='bbox 287 2699 349 2739; x_wconf 84' lang='lat' dir='ltr'>Cf.</span> <span class='ocrx_word' id='word_1_329' title='bbox 383 2699 497 2738; x_wconf 86' lang='lat' dir='ltr'>infra</span> <span class='ocrx_word' id='word_1_330' title='bbox 528 2699 578 2738; x_wconf 83' lang='lat' dir='ltr'>fr.</span> <span class='ocrx_word' id='word_1_331' title='bbox 614 2699 736 2738; x_wconf 78' lang='lat'>502..</span> 
     </span>
     <span class='ocr_line' id='line_1_38' title="bbox 229 2760 1732 2817; baseline -0.003 -11"><span class='ocrx_word' id='word_1_332' title='bbox 229 2767 296 2806; x_wconf 83' lang='lat' dir='ltr'>Fr.</span> <span class='ocrx_word' id='word_1_333' title='bbox 330 2768 430 2816; x_wconf 80' lang='lat'>447,</span> <span class='ocrx_word' id='word_1_334' title='bbox 469 2768 504 2806; x_wconf 89' lang='lat'>1.</span> <span class='ocrx_word' id='word_1_335' title='bbox 626 2763 755 2817; x_wconf 80' lang='grc' dir='ltr'><strong><em>ὁρῶν</em></strong></span> <span class='ocrx_word' id='word_1_336' title='bbox 786 2781 821 2804; x_wconf 84' lang='grc' dir='ltr'>τι</span> <span class='ocrx_word' id='word_1_337' title='bbox 852 2767 1065 2815; x_wconf 84' lang='grc' dir='ltr'><strong><em>βουλεῦσαι</em></strong></span> <span class='ocrx_word' id='word_1_338' title='bbox 1097 2763 1195 2803; x_wconf 81' lang='grc' dir='ltr'>κατὰ</span> <span class='ocrx_word' id='word_1_339' title='bbox 1227 2763 1372 2803; x_wconf 83' lang='grc' dir='ltr'><strong><em>σαυτὸν</em></strong></span> <span class='ocrx_word' id='word_1_340' title='bbox 1404 2763 1626 2815; x_wconf 83' lang='grc' dir='ltr'><strong><em>γενόμενος·</em></strong></span> <span class='ocrx_word' id='word_1_341' title='bbox 1657 2760 1732 2801; x_wconf 81' lang='grc' dir='ltr'><strong>κτὲ.</strong></span> 
     </span>
     <span class='ocr_line' id='line_1_39' title="bbox 288 2829 1980 2884; baseline -0.004 -11"><span class='ocrx_word' id='word_1_342' title='bbox 288 2834 460 2883; x_wconf 86' lang='lat' dir='ltr'>Optime</span> <span class='ocrx_word' id='word_1_343' title='bbox 492 2833 640 2873; x_wconf 81' lang='lat' dir='ltr'>Nauck</span> <span class='ocrx_word' id='word_1_344' title='bbox 670 2831 808 2884; x_wconf 80' lang='grc' dir='ltr'><strong><em>ἐρῶν.</em></strong></span> <span class='ocrx_word' id='word_1_345' title='bbox 841 2834 904 2872; x_wconf 90' lang='lat' dir='ltr'>Bl.</span> <span class='ocrx_word' id='word_1_346' title='bbox 938 2833 1124 2882; x_wconf 84' lang='lat' dir='ltr'>probans</span> <span class='ocrx_word' id='word_1_347' title='bbox 1152 2832 1302 2871; x_wconf 89' lang='lat' dir='ltr'>Kockii</span> <span class='ocrx_word' id='word_1_348' title='bbox 1334 2829 1495 2879; x_wconf 83' lang='grc' dir='ltr'><strong><em>ἀπορῶν</em></strong></span> <span class='ocrx_word' id='word_1_349' title='bbox 1521 2840 1605 2869; x_wconf 92' lang='lat' dir='ltr'>non</span> <span class='ocrx_word' id='word_1_350' title='bbox 1633 2830 1735 2879; x_wconf 87' lang='lat' dir='ltr'>legit</span> <span class='ocrx_word' id='word_1_351' title='bbox 1763 2830 1980 2878; x_wconf 81' lang='lat' dir='ltr'>egregiam</span> 
     </span>
     <span class='ocr_line' id='line_1_40' title="bbox 288 2897 1981 2951; baseline -0.004 -10"><span class='ocrx_word' id='word_1_352' title='bbox 288 2902 468 2941; x_wconf 87' lang='lat' dir='ltr'>Nauckii</span> <span class='ocrx_word' id='word_1_353' title='bbox 496 2901 590 2940; x_wconf 83' lang='lat' dir='ltr'>Mel.</span> <span class='ocrx_word' id='word_1_354' title='bbox 624 2901 681 2939; x_wconf 92' lang='lat' dir='ltr'>VI</span> <span class='ocrx_word' id='word_1_355' title='bbox 718 2902 798 2941; x_wconf 84' lang='lat'>155</span> <span class='ocrx_word' id='word_1_356' title='bbox 826 2901 1166 2951; x_wconf 88' lang='lat' dir='ltr'>disputationem</span> <span class='ocrx_word' id='word_1_357' title='bbox 1195 2901 1346 2938; x_wconf 87' lang='lat' dir='ltr'>contra</span> <span class='ocrx_word' id='word_1_358' title='bbox 1373 2898 1511 2947; x_wconf 89' lang='lat' dir='ltr'>illam,</span> <span class='ocrx_word' id='word_1_359' title='bbox 1536 2908 1661 2936; x_wconf 90' lang='lat' dir='ltr'>suam</span> <span class='ocrx_word' id='word_1_360' title='bbox 1690 2897 1981 2936; x_wconf 86' lang='lat' dir='ltr'>coniecturam</span> 
     </span>
     <span class='ocr_line' id='line_1_41' title="bbox 289 2961 1983 3017; baseline -0.005 -8"><span class='ocrx_word' id='word_1_361' title='bbox 289 2969 640 3009; x_wconf 81' lang='lat' dir='ltr'>commendantis</span> <span class='ocrx_word' id='word_1_362' title='bbox 672 2969 891 3008; x_wconf 90' lang='lat' dir='ltr'>Isocrateo</span> <span class='ocrx_word' id='word_1_363' title='bbox 918 2968 1012 3007; x_wconf 88' lang='lat' dir='ltr'>loco</span> <span class='ocrx_word' id='word_1_364' title='bbox 1039 2966 1266 3006; x_wconf 81' lang='lat' dir='ltr'>simillimo</span> <span class='ocrx_word' id='word_1_365' title='bbox 1294 2966 1311 3003; x_wconf 97' lang='lat' dir='ltr'>I</span> <span class='ocrx_word' id='word_1_366' title='bbox 1339 2967 1390 3004; x_wconf 88' lang='lat'>41</span> <span class='ocrx_word' id='word_1_367' title='bbox 1421 2971 1501 3002; x_wconf 78' lang='grc' dir='ltr'><strong><em>πᾶν</em></strong></span> <span class='ocrx_word' id='word_1_368' title='bbox 1535 2963 1555 3002; x_wconf 82' lang='grc' dir='ltr'>ὅ</span> <span class='ocrx_word' id='word_1_369' title='bbox 1580 2979 1614 3002; x_wconf 78' lang='grc' dir='ltr'>τι</span> <span class='ocrx_word' id='word_1_370' title='bbox 1646 2961 1695 3001; x_wconf 77' lang='grc' dir='ltr'><strong><em>ἂν</em></strong></span> <span class='ocrx_word' id='word_1_371' title='bbox 1728 2962 1846 3017; x_wconf 77' lang='grc' dir='ltr'><strong><em>μέλλῃ</em></strong></span> <span class='ocrx_word' id='word_1_372' title='bbox 1882 2962 1983 3013; x_wconf 75' lang='grc' dir='ltr'><strong><em>ἐρεῖν</em></strong></span> 
     </span>
     <span class='ocr_line' id='line_1_42' title="bbox 287 3032 1981 3090; baseline -0.004 -14"><span class='ocrx_word' id='word_1_373' title='bbox 287 3036 478 3088; x_wconf 77' lang='grc' dir='ltr'><strong><em>πρότερον</em></strong></span> <span class='ocrx_word' id='word_1_374' title='bbox 510 3035 713 3075; x_wconf 77' lang='grc' dir='ltr'><strong><em>ἐπισκόπει</em></strong></span> <span class='ocrx_word' id='word_1_375' title='bbox 744 3042 790 3090; x_wconf 81' lang='grc' dir='ltr'>τῇ</span> <span class='ocrx_word' id='word_1_376' title='bbox 822 3035 970 3089; x_wconf 76' lang='grc' dir='ltr'><strong><em>γνώμῃ.</em></strong></span> <span class='ocrx_word' id='word_1_377' title='bbox 1004 3035 1046 3074; x_wconf 86' lang='lat' dir='ltr'>Si</span> <span class='ocrx_word' id='word_1_378' title='bbox 1080 3044 1164 3083; x_wconf 82' lang='lat' dir='ltr'>qua</span> <span class='ocrx_word' id='word_1_379' title='bbox 1195 3034 1281 3072; x_wconf 86' lang='lat' dir='ltr'>alia</span> <span class='ocrx_word' id='word_1_380' title='bbox 1314 3034 1580 3081; x_wconf 86' lang='lat' dir='ltr'>coniectura,</span> <span class='ocrx_word' id='word_1_381' title='bbox 1615 3032 1721 3071; x_wconf 85' lang='lat' dir='ltr'>haec</span> <span class='ocrx_word' id='word_1_382' title='bbox 1752 3033 1870 3071; x_wconf 86' lang='lat' dir='ltr'>certa</span> <span class='ocrx_word' id='word_1_383' title='bbox 1902 3035 1981 3070; x_wconf 84' lang='lat' dir='ltr'>est.</span> 
     </span>
     <span class='ocr_line' id='line_1_43' title="bbox 231 3095 1984 3155; baseline -0.006 -10"><span class='ocrx_word' id='word_1_384' title='bbox 231 3106 298 3145; x_wconf 88' lang='lat' dir='ltr'>Fr.</span> <span class='ocrx_word' id='word_1_385' title='bbox 333 3106 431 3155; x_wconf 87' lang='lat'>460,</span> <span class='ocrx_word' id='word_1_386' title='bbox 466 3105 504 3144; x_wconf 91' lang='grc'><strong>2.</strong></span> <span class='ocrx_word' id='word_1_387' title='bbox 555 3103 762 3153; x_wconf 82' lang='lat' dir='ltr'>Apposite</span> <span class='ocrx_word' id='word_1_388' title='bbox 794 3103 840 3143; x_wconf 90' lang='lat' dir='ltr'>B.</span> <span class='ocrx_word' id='word_1_389' title='bbox 885 3103 957 3143; x_wconf 80' lang='lat' dir='ltr'>cst.</span> <span class='ocrx_word' id='word_1_390' title='bbox 1003 3101 1213 3150; x_wconf 87' lang='lat' dir='ltr'>Theophr.</span> <span class='ocrx_word' id='word_1_391' title='bbox 1262 3099 1386 3140; x_wconf 86' lang='lat' dir='ltr'>Char.</span> <span class='ocrx_word' id='word_1_392' title='bbox 1431 3099 1507 3138; x_wconf 91' lang='lat'>13</span> <span class='ocrx_word' id='word_1_393' title='bbox 1554 3096 1600 3136; x_wconf 84' lang='grc' dir='ltr'>τὰ</span> <span class='ocrx_word' id='word_1_394' title='bbox 1645 3095 1717 3148; x_wconf 81' lang='grc' dir='ltr'><strong><em>μὲν</em></strong></span> <span class='ocrx_word' id='word_1_395' title='bbox 1763 3096 1984 3145; x_wconf 79' lang='grc' dir='ltr'><strong><em>σκέψεσθαι</em></strong></span> 
     </span>
     <span class='ocr_line' id='line_1_44' title="bbox 290 3164 1979 3221; baseline -0.005 -11"><span class='ocrx_word' id='word_1_396' title='bbox 290 3171 469 3221; x_wconf 85' lang='grc' dir='ltr'><strong><em>φάσκειν.</em></strong></span> <span class='ocrx_word' id='word_1_397' title='bbox 505 3193 556 3199; x_wconf 90' lang='grc'>-</span> <span class='ocrx_word' id='word_1_398' title='bbox 589 3170 663 3210; x_wconf 82' lang='lat' dir='ltr'>Vs.</span> <span class='ocrx_word' id='word_1_399' title='bbox 701 3172 739 3210; x_wconf 82' lang='lat'>5.</span> <span class='ocrx_word' id='word_1_400' title='bbox 787 3170 1017 3219; x_wconf 75' lang='lat' dir='ltr'>perperam</span> <span class='ocrx_word' id='word_1_401' title='bbox 1062 3169 1175 3208; x_wconf 88' lang='lat' dir='ltr'>idem</span> <span class='ocrx_word' id='word_1_402' title='bbox 1217 3170 1289 3206; x_wconf 84' lang='grc' dir='ltr'>θεῖ</span> <span class='ocrx_word' id='word_1_403' title='bbox 1323 3177 1398 3216; x_wconf 88' lang='lat' dir='ltr'>pro</span> <span class='ocrx_word' id='word_1_404' title='bbox 1430 3165 1492 3217; x_wconf 81' lang='grc' dir='ltr'>ῥεῖ</span> <span class='ocrx_word' id='word_1_405' title='bbox 1519 3167 1563 3206; x_wconf 86' lang='lat' dir='ltr'>et</span> <span class='ocrx_word' id='word_1_406' title='bbox 1593 3166 1636 3204; x_wconf 88' lang='lat' dir='ltr'>in</span> <span class='ocrx_word' id='word_1_407' title='bbox 1668 3164 1795 3204; x_wconf 88' lang='lat' dir='ltr'>Add.</span> <span class='ocrx_word' id='word_1_408' title='bbox 1829 3175 1868 3214; x_wconf 92' lang='lat' dir='ltr'>p.</span> <span class='ocrx_word' id='word_1_409' title='bbox 1897 3165 1979 3203; x_wconf 87' lang='lat'>341</span> 
     </span>
     <span class='ocr_line' id='line_1_45' title="bbox 290 3234 973 3287; baseline -0.009 -7"><span class='ocrx_word' id='word_1_410' title='bbox 290 3239 412 3279; x_wconf 84' lang='lat' dir='ltr'>nulla</span> <span class='ocrx_word' id='word_1_411' title='bbox 440 3237 703 3279; x_wconf 82' lang='lat' dir='ltr'>necessitate</span> <span class='ocrx_word' id='word_1_412' title='bbox 734 3235 799 3276; x_wconf 79' lang='grc' dir='ltr'>καὶ</span> <span class='ocrx_word' id='word_1_413' title='bbox 830 3247 906 3286; x_wconf 90' lang='lat' dir='ltr'>pro</span> <span class='ocrx_word' id='word_1_414' title='bbox 936 3234 973 3287; x_wconf 78' lang='grc' dir='ltr'><strong>ἢ.</strong></span> 
     </span>
    </p>
   </div>
   <div class='ocr_carea' id='block_1_4' title="bbox 314 3448 367 3522">
    <p class='ocr_par' dir='ltr' id='par_1_12' title="bbox 314 3448 367 3522">
     <span class='ocr_line' id='line_1_46' title="bbox 314 3448 367 3522; baseline 0 -53"><span class='ocrx_word' id='word_1_415' title='bbox 314 3448 367 3522; x_wconf 39' lang='lat' dir='ltr'>s.</span> 
     </span>
    </p>
   </div>
  </div>
 </body>
</html>
