2216 3522
1051 226 1106 264 63

197 342 267 384 Fr.
298 345 340 385 8.
372 344 508 386 Recte
537 346 603 386 Β1.
636 344 897 399 ἀναβράστων
928 359 1006 398 pro
1036 347 1310 402 ἀναβραστῶν.

196 411 267 451 Fr.
302 412 369 452 14.
400 413 475 452 BA
507 414 577 464 23,
610 415 676 454 15.
711 413 980 467 Ἀριστομένης
1010 427 1088 466 pro
1115 417 1398 469 Ἀριστοφάνης
1429 419 1625 468 reposuit
1648 419 1736 459 iam
1763 419 1954 461 Dindorf.

255 478 582 533 Animadvertit
613 481 778 523 Nauck.

196 568 374 614 thliae
403 571 455 612 fr.
490 573 530 623 3,
567 575 588 613 1
622 576 666 613 et
698 575 739 614 2.
781 575 961 615 Addito*
982 576 1035 615 ab
1071 576 1198 617 initio
1238 577 1324 626 καί,
1354 580 1400 618 et
1429 574 1515 629 κρέ’
1549 580 1652 619 ante
1682 577 1870 631 ἐγχέλεια,
1910 582 1954 620 in

252 639 464 680 dimetros
502 641 714 682 iambicos
756 642 835 682 hos
878 645 1162 684 tetrametros
1191 645 1437 685 trochaicos
1466 646 1675 695 dispescit
1703 647 1768 686 Β1.
1800 647 1955 697 Vulga-

253 708 350 746 tam
380 703 470 747 οὐδ’
503 705 554 746 ἂν
586 705 607 747 ὁ
639 710 797 759 Μῶμος
828 708 1038 760 μέμψαιτο.
1080 712 1211 751 Miror
1241 714 1501 753 novatorem
1531 714 1725 763 Anglum
1754 725 1841 755 non
1872 716 1953 756 sol-

252 773 448 814 licitasse
478 776 790 816 tetrametrum
820 777 873 817 fr.
906 779 947 817 4.

196 841 265 881 Fr.
300 842 368 893 11,
404 843 442 883 1.
488 850 549 898 τῷ
589 840 627 883 δ’
672 839 750 895 ἆρα
790 845 883 892 τοὺς
914 844 988 885 κτὲ.
1027 847 1156 886 malit
1186 847 1250 886 Β1.
1286 846 1455 888 Sufficit
1484 848 1668 888 Nauckii
1698 849 1837 889 lenior
1867 860 1954 890 cor·

254 909 390 950 rectio
420 910 460 949 τί
487 907 524 950 δ’
568 922 646 961 pro
676 912 745 959 τίς.
778 935 830 940 -
864 913 937 952 Vs.
972 914 1011 952 2.
1057 914 1373 965 ,λευκόπρωκτοι
1410 925 1629 964 nusquam
1660 917 1954 966 perstringun-

252 978 355 1016 tur''
400 979 535 1018 Kock.
586 979 712 1029 „Noli
756 980 938 1019 mirari'’
985 981 1222 1030 respondet
1262 982 1431 1022 doctior
1469 983 1621 1023 Nauck
1664 983 1797 1035 ,πυγή
1837 986 1955 1024 enim

253 1046 437 1095 nates,
468 1046 648 1095 πρωκτός
679 1047 861 1096 podex
886 1047 1120 1096 Significat.
1148 1049 1399 1098 Legendum
1424 1050 1833 1102 lannowpa'vutovgf’
1858 1051 1954 1093 Vid.

254 1111 352 1151 Mel.
369 1112 428 1152 VI
455 1114 511 1153 86
538 1123 603 1162 sq.
631 1115 676 1153 et
702 1114 756 1154 cf.
785 1114 883 1154 Mel.
911 1114 970 1153 IV
989 1116 1088 1165 721,
1118 1117 1157 1155 2.
1197 1116 1315 1166 Quae
1347 1117 1557 1166 palmaris
1587 1119 1655 1157 est
1686 1119 1953 1169 emendatio,

253 1179 538 1228 praeferenda
583 1181 902 1231 Blaydesianae
946 1179 1095 1232 μάλιστ’
1144 1181 1195 1222 ἂν
1241 1183 1565 1235 εὐρυπρώκτους,
1620 1187 1664 1225 et
1708 1186 1955 1227 Kockianae

252 1244 420 1296 μάλιστά
458 1244 490 1300 y'
534 1247 852 1300 εὐρυπρώκτους.
894 1250 1098 1290 Absurda
1128 1253 1197 1291 est
1223 1252 1362 1292 altera
1393 1253 1547 1292 Kockii
1580 1254 1829 1293 coniectura
1857 1255 1955 1293 λειο-

251 1313 470 1366 πρώκτους.
501 1315 535 1355 Ε
559 1316 701 1356 lexico
733 1317 1004 1357 Messanensi
1036 1319 1160 1364 (Mus.
1193 1319 1274 1359 Rh.
1310 1320 1441 1369 1892,
1474 1331 1515 1369 p.
1542 1321 1627 1359 407
1654 1321 1788 1367 Rabe)
1813 1331 1950 1361 acces-

253 1380 334 1421 sit:
370 1382 546 1430 Καλλίας
578 1383 789 1434 Πεδήταις·

489 1448 584 1497 ἴσως
616 1450 795 1506 ξυνῳδὸς
826 1457 878 1505 τῷ
909 1451 1038 1507 χρόνῳ
1071 1455 1155 1499 (τοῦ
1186 1452 1331 1505 χρόνου
1363 1453 1470 1499 cod.)
1501 1453 1715 1506 γενήσεται.

490 1522 579 1568 τῆς
611 1516 670 1568 δὴ
700 1516 775 1570 γὰρ
805 1516 966 1570 ἀγαθὸν
995 1524 1126 1570 χρῆμα
1156 1518 1220 1558 καὶ
1253 1519 1486 1575 ξυνῳδικόν.

253 1581 348 1622 1)υο
389 1594 487 1624 esse
526 1585 777 1635 fragmenta
816 1587 959 1626 sensit
999 1586 1141 1637 Kock,
1182 1588 1260 1627 sed
1298 1588 1504 1636 quidquid
1535 1588 1646 1628 latet
1675 1589 1756 1628 sub
1785 1594 1854 1639 τῆς
1885 1588 1955 1639 δὴ,

251 1649 391 1691 latere
431 1653 508 1691 vix
548 1654 695 1702 potest
733 1653 847 1702 quod
877 1653 1103 1703 proposuit
1132 1653 1239 1705 τήθη
1273 1655 1341 1695 vel
1371 1655 1498 1706 τιτθή.
1538 1656 1737 1705 Cogitavi
1767 1657 1819 1696 de
1849 1657 1953 1696 scri-

254 1716 393 1759 bendo
424 1720 549 1759 πείσει
581 1720 652 1760 vel
682 1720 821 1771 φήσει,
850 1722 927 1761 sed
958 1721 1069 1760 nihil
1101 1722 1209 1761 certi
1240 1723 1447 1762 extundo.
1539 1775 1543 1779 ι

194 1784 264 1825 Fr.
301 1787 368 1837 12,
403 1789 441 1828 1.
484 1788 524 1827 τί
551 1784 589 1827 δ’
623 1783 669 1827 εἷ
706 1787 756 1827 σὺ
798 1787 933 1839 σεμνὴ.
973 1789 1038 1829 Β1.
1070 1789 1277 1829 Fortasse
1320 1790 1455 1829 etiam
1496 1789 1545 1841 δὴ
1577 1791 1743 1831 servari
1774 1792 1951 1841 poterit,

254 1855 304 1892 ut
328 1849 365 1893 εἴ
386 1856 686 1896 subaudiatur.
720 1855 839 1905 Quod
865 1867 943 1905 pro
974 1856 1098 1907 σεμνή
1124 1857 1400 1896 substituunt
1426 1861 1629 1909 σεμνοῐ,
1652 1858 1774 1898 nulla
1799 1859 1954 1898 nititur

258 1924 512 1974 atticorum,
546 1923 619 1973 qui
650 1923 920 1973 σεμνύνεσθαι
951 1924 1118 1974 dicunt,
1152 1925 1426 1964 auctoritate.
1469 1976 1475 1982 ι

194 1993 264 2034 Fr.
299 1993 367 2033 13.
398 1989 466 2030 καὶ
495 1990 657 2042 Σάκαν,
683 1989 690 2042 Ι
718 1987 766 2029 ὃν
796 1989 871 2029 κτὲ.
902 1991 967 2031 Β1.

193 2062 263 2103 Fr.
297 2061 367 2101 21.
398 2060 461 2100 De
492 2060 614 2099 vocis
643 2058 754 2106 ἔτνος
796 2061 1135 2108 anapaestorum
1167 2059 1348 2098 licentia
1375 2060 1584 2109 producta
1614 2061 1755 2111 priore
1785 2061 1954 2110 syllaba

254 2130 355 2178 apte
386 2127 451 2167 Β1.
484 2126 756 2176 comparavit
784 2127 943 2166 κἮτνοῦ
975 2127 1050 2166 Ar.
1083 2126 1192 2166 Nub.
1227 2127 1328 2166 320.

195 2226 501 2282 Hegemonis,
532 2228 569 2276 l,
592 2227 629 2266 1.
662 2226 935 2267 coniecturis
966 2226 1068 2279 πρίω
1107 2237 1219 2266 <τε>
1258 2227 1380 2266 addit
1410 2227 1612 2276 Blaydes.

195 2317 390 2373 Lysippi
421 2319 473 2358 fr.
509 2319 546 2358 1.
587 2317 739 2357 Nauck
776 2328 841 2358 vs.
876 2320 913 2358 1.
946 2316 1065 2370 ἔχεις;
1100 2329 1178 2368 pro
1209 2316 1369 2369 ἔχομεν;
1407 2318 1561 2357 deinde
1592 2320 1884 2368 transponens
1914 2317 1953 2364 ἐς

252 2385 296 2426 τὸ
321 2384 449 2438 φρέαρ
480 2401 539 2424 κα
552 2388 638 2424 θεῖ
645 2381 675 2423 κ’
711 2383 796 2434 ἐμέ
827 2383 1075 2431 (καθεικέναι
1107 2386 1249 2434 codd.;
1277 2396 1384 2425 corr.
1412 2385 1592 2430 Dobree)
1624 2387 1668 2425 et
1693 2391 1763 2424 τοῦ
1788 2384 1955 2437 θέρους,

254 2451 369 2503 ἐμοὶ
414 2453 607 2492 δοκεῖν.
656 2451 962 2492 Verisimiliter
994 2453 1245 2492 admodum.
1288 2453 1351 2491 Β1.
1394 2462 1481 2492 non
1513 2455 1634 2492 recte
1668 2458 1752 2499 πῶς
1784 2451 1878 2504 {zm
1910 2456 1954 2493 et

253 2520 382 2561 Add.
414 2531 455 2570 p.
487 2520 573 2559 326
605 2524 689 2566 πῶς
720 2517 874 2570 ἔχετον;
906 2519 1094 2560 Omnino
1128 2520 1215 2560 vid.
1254 2519 1352 2559 Mel.
1385 2519 1443 2558 VI
1475 2519 1529 2559 87
1563 2530 1627 2568 sq.

133 2609 139 2612 >
194 2587 263 2627 Fr.
298 2589 338 2628 7.
373 2588 412 2627 2.
456 2587 638 2626 Frustra
676 2586 932 2637 τεθαύμακας
963 2598 1040 2636 pro
1071 2587 1310 2638 τεθήρευσαι
1342 2586 1406 2625 Β1.
1438 2586 1591 2625 Verte:
1625 2596 1722 2626 nec
1753 2589 1952 2636 captus

255 2665 313 2694 es
343 2655 480 2702 (eius
513 2654 667 2694 urbis
698 2653 1027 2700 illecebris).

195 2722 264 2763 Fr.
298 2722 338 2762 9.
379 2722 658 2770 Archippo
700 2721 864 2761 rectius
904 2721 1057 2761 tribuit
1087 2721 1257 2771 Nauck,
1302 2721 1365 2760 sic
1397 2720 1623 2769 explicans
1652 2720 1718 2760 Et.
1751 2731 1810 2761 m.
1843 2722 1951 2761 codi-

253 2820 354 2850 cum
378 2809 618 2859 scripturas
639 2787 707 2859 ‘'2'‘
734 2811 778 2848 et
802 2790 930 2861 &⁷³⁰5
971 2809 1032 2848 De
1074 2808 1294 2857 Blaydesii
1330 2808 1580 2848 coniectura
1607 2808 1692 2848 vid.
1730 2819 1863 2858 supra
1898 2809 1951 2849 ad

253 2876 460 2926 Archippi
491 2876 543 2915 fr.
576 2876 646 2915 33.

197 2975 424 3019 LeuconiS
455 2976 507 3016 fr.
544 2977 585 3026 1,
622 2977 659 3016 1.
693 2976 820 3015 Haud
852 2975 1053 3025 displicet
1084 2975 1303 3023 Blaydesii
1335 2974 1549 3023 suspicio:
1582 2968 1703 3011 οἶσθά
1733 2988 1812 3013 που
1849 2987 1952 3024 <με-

253 3041 493 3094 μνημένος>
525 3039 530 3096 Ι
560 3033 772 3090 Παάπιδος
812 3038 1046 3093 τᾶκπώμαθ’
1084 3039 1109 3079 ἃ
1142 3045 1257 3087 (cum
1291 3041 1469 3086 Kockio)
1500 3039 1765 3090 κατεδήδοκεν
1792 3037 1951 3093 ΙὟπέρ-

252 3111 382 3162 βολος.
412 3111 482 3150 Ita
512 3111 629 3150 enim
652 3106 888 3162 Ὑπέρβολος
921 3114 1020 3159 (qua
1051 3111 1094 3149 in
1127 3119 1172 3149 re
1203 3109 1362 3148 merito
1394 3108 1599 3148 haerebat
1631 3108 1711 3153 Β1.)
1742 3109 1952 3148 traditum

253 3177 398 3218 locum
439 3178 551 3217 tueri
582 3179 740 3227 potest.
777 3178 915 3217 Not-ae
946 3179 1050 3216 sunt
1090 3175 1302 3215 formulae
1345 3170 1434 3213 οἶδα
1467 3173 1529 3213 ὅτε
1565 3177 1609 3215 et
1648 3174 1847 3226 μέμνημαι
1879 3175 1950 3220 ὅτε,

254 3245 429 3285 Dictum
455 3243 721 3295 κατεδήδοκεν
752 3243 1106 3292 dilapidandi
1133 3252 1285 3291 sensu,
1313 3244 1363 3281 ut
1389 3242 1432 3280 in
1458 3241 1684 3280 κατεσθίειν
1708 3241 1754 3280 τὰ
1778 3249 1950 3297 πατρῷα.
