2216 3522
851 804 1303 844 CORRIGENDA.

599 1138 639 1170 P.
665 1139 707 1171 18
730 1138 775 1170 ad
798 1139 840 1171 fr.
867 1140 942 1171 161.
968 1138 1139 1171 Deleatm·
1159 1139 1296 1179 virgula
1318 1142 1398 1179 post
1421 1142 1559 1181 φορίνης.

598 1200 637 1232 Ρ.
662 1201 704 1232 26
727 1199 773 1232 ad
796 1199 837 1232 fr.
863 1201 938 1232 184.
961 1200 1030 1232 Pro
1056 1199 1191 1240 „vasis”
1215 1200 1350 1241 corrige
1375 1201 1568 1241 „vasibus''.

597 1261 637 1292 P.
660 1261 704 1293 35
727 1261 773 1293 ad
796 1261 837 1293 fr.
864 1262 916 1293 18.
941 1261 1011 1293 Pro
1036 1262 1209 1298 οἵμώζουσα
1233 1273 1266 1299 γε
1289 1261 1368 1302 lege
1393 1262 1565 1299 οἰμώζουσά
1588 1274 1628 1300 γε.

598 1321 637 1354 P.
661 1322 715 1361 60,
739 1321 762 1354 l.
790 1323 852 1354 32.’
870 1322 971 1354 Nunc
995 1314 1140 1355 vei-bum
1166 1322 1343 1355 insolitum
1365 1324 1467 1355 tueor
1489 1323 1618 1356 collato
1642 1326 1829 1365 παραληριῑι

597 1382 637 1414 P.
662 1383 704 1414 62
728 1383 773 1415 ad
796 1383 1025 1416 Aristomenis
1049 1383 1091 1415 fr.
1114 1384 1144 1416 6.
1170 1383 1238 1416 Pro
1262 1383 1369 1424 „sole”
1394 1383 1474 1424 lege
1499 1384 1621 1425 „sale''.

599 1443 628 1475 P
664 1445 723 1483 72,
747 1444 770 1476 1.
798 1446 828 1476 2.
854 1444 922 1476 Pro
948 1444 1151 1486 „Synizesi”
1174 1444 1254 1485 lege
1278 1445 1482 1486 „synizesi”.

595 1504 636 1536 P.
659 1505 714 1543 89,
738 1505 760 1536 1.
784 1506 838 1538 32.
864 1505 954 1538 Dele
978 1507 1143 1545 punctum
1167 1507 1245 1546 post
1269 1505 1426 1547 ἐπέτριψε.

598 1566 638 1598 Ρ.
662 1567 718 1606 91,
741 1566 763 1598 l.
788 1568 818 1598 6.
843 1566 912 1599 Pro
935 1568 1079 1604 λογισκός
1101 1567 1181 1607 lege
1203 1569 1353 1604 λογίσκος.
1378 1567 1446 1600 Pro
1470 1567 1605 1600 Kockio
1627 1567 1712 1600 facit
1731 1576 1811 1600 con-

640 1627 796 1660 iecturae
818 1626 956 1660 lenitas.

592 1688 631 1719 P.
655 1689 699 1720 99
724 1687 768 1720 ad
790 1688 832 1720 fr.
858 1689 912 1720 46.
937 1688 1006 1720 Pro
1029 1688 1206 1728 ὡραΐσμένη·
1228 1689 1307 1729 lege
1329 1689 1511 1729 ὡραϊσμένη.

659 1749 732 1790 111,
755 1748 778 1781 1.
802 1750 825 1781 4
848 1757 921 1789 sqq.
946 1749 1060 1782 Locus
1082 1750 1235 1782 nondum
1259 1752 1477 1790 persanatus.

658 1811 723 1841 122
746 1810 791 1842 ad
814 1810 855 1842 fr.
881 1811 934 1842 65.
958 1810 1027 1842 Pro
1052 1809 1176 1851 „addi”
1201 1811 1281 1851 lege
1305 1811 1457 1852 „addit”.

659 1871 735 1902 136.
759 1870 814 1902 Ad
838 1870 879 1902 fr.
903 1871 935 1910 5,
961 1872 1013 1903 17.
1038 1871 1099 1904 Bis
1120 1872 1201 1912 lege
1226 1872 1356 1913 θάτέρᾳ.

658 1932 735 1972 142,
757 1932 788 1963 6.
812 1931 882 1964 Pro
906 1927 1172 1964 Philomenis
1195 1932 1275 1973 lege
1300 1929 1577 1966 Philemonis.

627 2015 635 2023 .
659 1992 722 2024 177
746 1991 791 2024 ad
815 1992 858 2024 fr.
882 1992 958 2024 813.
984 1992 1265 2032 „Menandraea”
1288 1993 1369 2034 lege
1393 1994 1662 2034 „Menandrea”.

659 2054 723 2085 193
746 2053 792 2085 ad
815 2053 856 2086 fr.
877 2054 930 2094 12,
953 2054 984 2094 5,
1010 2054 1030 2085 l.
1055 2055 1086 2086 6.
1112 2054 1179 2087 Pro
1204 2050 1263 2084 εἶδε
1286 2055 1366 2095 lege
1389 2051 1455 2084 εἷλε.

638 2114 739 2146 Nunc
765 2114 872 2146 malo:
898 2113 952 2152 τὴν
978 2115 1097 2153 ἡλιαίαν
1120 2112 1178 2144 εἷλε
1209 2116 1380 2148 (κάλλει)
1410 2118 1559 2153 σώματος.
1584 2116 1638 2148 Αῃ
1662 2116 1810 2156 denique

597 2171 654 2203 εἳλε
683 2174 808 2209 <διὰ>
839 2179 892 2204 τοῦ
915 2177 1079 2210 animatos?

599 2235 638 2267 P.
662 2236 727 2267 212
751 2235 796 2267 ad
818 2235 858 2267 fr.
884 2236 959 2276 635,
984 2236 1007 2268 1.
1033 2238 1064 2268 5.
1088 2237 1156 2269 Pro
1181 2236 1283 2271 ἔπαιξε
1307 2237 1386 2278 lege
1410 2238 1527 2267 ἔπαισε.

597 2296 636 2328 Ρ.
661 2298 737 2337 217,
761 2297 783 2329 1.
806 2299 827 2330 6
850 2299 886 2330 et
910 2299 940 2329 7.
965 2298 1120 2330 Ponatur
1142 2307 1192 2331 vs.
1220 2300 1237 2331 7
1262 2300 1344 2331 ante
1368 2300 1399 2330 6.

595 2357 729 2390 Ibidem
752 2358 797 2390 ad
821 2358 862 2390 fr.
888 2359 984 2390 1199.
1010 2358 1077 2391 Pro
1100 2362 1239 2398 φίλετνής
1261 2360 1341 2400 lege
1364 2360 1510 2399 φιλετνής.

597 2419 637 2451 Ρ.
662 2420 738 2460 218,
762 2420 785 2452 1.
811 2422 840 2452 1.
865 2419 933 2451 Pro
957 2420 1038 2458 ἔχων
1063 2420 1143 2461 lege
1167 2422 1255 2460 ἵχων.

592 1749 634 2085 wwwwww
