2216 3522
1088 201 1145 239 48

238 332 305 370 Fr.
338 331 438 370 620.
472 330 532 370 Cf.
566 330 671 368 nota
701 326 863 367 locutio
894 324 1110 371 κλα(ι’)οντα
1142 322 1322 372 καθίζειν
1352 322 1451 363 τινά.

239 399 306 438 Fr.
340 399 439 437 621.
473 396 589 437 Citat
619 394 767 435 Nauck
798 393 864 433 Et.
894 392 1021 433 Voss.
1053 402 1093 441 p.
1127 392 1236 441 267,
1264 390 1487 441 superflua
1512 401 1611 431 esse
1635 400 1821 431 monens
1846 390 2002 432 Kockii

298 464 431 505 verba
473 466 544 513 „et
583 462 730 502 Varin.
766 482 819 488 —
856 460 939 500 108
972 459 1130 499 Dind.”
1173 458 1295 499 Idem
1328 457 1477 498 σαυτὸν
1509 458 1628 505 (Lex.
1660 457 1788 500 Vinci.
1819 457 2003 506 σεαυτὸν)

298 532 406 582 legit
436 542 512 581 pro
543 529 680 569 αὐτὸν.
1734 579 1737 582 ἥ

240 600 307 639 Fr.
340 600 440 639 622.
474 598 537 638 Bi.
570 596 673 636 οὕτω
704 611 740 635 τι
773 617 827 624 —-
859 594 986 646 γλυκύ
1020 593 1087 633 vel
1119 592 1224 633 οὕτω
1250 589 1332 633 ’στί
1357 616 1411 623 -
1444 591 1635 645 ἐφίμερον
1664 593 2000 644 inconsiderate,

298 667 462 716 optime
508 666 627 705 enim
667 661 773 703 ἐστιν
811 660 896 714 μέλι
939 664 1031 711 (pro
1055 659 1151 699 ’ἔστι
1193 658 1298 712 μέλει
1339 661 1435 702 sive
1479 659 1535 700 ἔτι
1571 658 1713 712 μέλλει)
1743 661 1850 702 olim
1881 660 1928 702 0.
1955 661 2002 702 F.

299 734 523 774 Hermann
562 734 607 772 et
648 730 842 771 Meineke
883 729 1189 769 emendarunt.
1232 728 1294 769 De
1333 728 1438 768 οὕτω
1478 743 1514 768 τι
1553 730 1674 769 recte
1715 729 1780 770 Bl.
1817 728 2006 770 contulit

299 800 521 841 Menandri
562 799 613 839 fr.
660 798 743 838 287
787 799 830 837 et
871 796 1089 846 Posidippi
1128 796 1180 836 fr.
1218 797 1290 845 19,
1332 806 1414 837 nec
1454 796 1734 837 scribendum
1775 794 1849 849 οὐχ
1877 795 1932 851 ὥς
1961 810 2006 850 γε

301 879 399 909 cum
433 866 612 907 Kockio.

241 937 308 976 Fr.
341 936 440 976 626.
482 933 797 983 Corrigendum
838 942 935 973 esse
977 929 1289 982 ἕκμαίνετον
1331 935 1422 982 (pro
1454 929 1719 983 ἐκβαίνετσν),
1746 932 1842 974 scil.
1886 931 2004 974 volu·

299 1005 439 1053 ptate,
473 1001 578 1042 olim
611 1001 736 1041 docui
764 1000 832 1046 (cf.
866 1001 1002 1040 etiam
1021 999 1085 1039 Bl.
1105 999 1213 1039 Add.
1233 1000 1357 1048 318);
1386 999 1624 1040 violentius
1651 998 2006 1052 εὐφραίνετον

301 1070 486 1111 coniecit
530 1068 666 1109 Kock.
707 1068 1074 1108 Emendationem
1122 1068 1240 1113 (626)
1286 1062 1384 1121 κᾷτ’
1429 1065 1698 1118 ἀντιβολεῖτον
1742 1069 1846 1109 ante
1891 1067 2009 1108 hunc

299 1138 469 1178 invenit
500 1137 682 1176 Kentos,
714 1135 776 1175 De
808 1135 939 1175 verbo
971 1133 1210 1174 ὑποπίπτειν
1243 1135 1306 1174 Bl.
1341 1134 1415 1174 cft.
1448 1134 1577 1184 Vesp.
1612 1136 1723 1183 5553
1751 1135 1826 1185 Eq.
1858 1135 1930 1176 4¹7.
1952 1157 2003 1164 —

301 1206 364 1245 Bl.
397 1206 508 1245 citra
537 1204 851 1244 necessitatem
883 1204 983 1241 τοῖσι
1014 1200 1195 1253 σχήμασι.

242 1274 308 1314 Fr.
342 1273 442 1313 628.
475 1270 671 1325 ἁρπαγαῖς
701 1268 857 1322 τρέφων
889 1269 1039 1310 Nauck
1070 1271 1174 1310 ante
1206 1269 1436 1310 Kockium.

243 1341 311 1381 Fr.
344 1342 444 1381 629.
476 1340 537 1380 De
569 1339 707 1385 δεινῶς
739 1338 803 1378 Bl.
836 1337 910 1377 cst.
943 1337 1101 1386 Metag.
1120 1337 1162 1375 ΙΙ
1181 1337 1291 1385 752;
1323 1336 1515 1387 Epicrat.
1541 1336 1604 1376 111
1635 1337 1718 1377 371
1739 1337 1814 1387 M.;
1847 1337 2006 1378 Herod.

300 1409 341 1447 II
387 1410 457 1448 76.
510 1408 606 1447 149.
664 1405 960 1445 Nihilominus
1016 1404 1234 1444 inutiliter
1280 1405 1426 1444 tentat
1470 1402 1545 1455 γὰρ
1592 1401 1643 1454 δὴ
1691 1404 1761 1444 vel
1804 1402 1885 1456 ἤδη
1929 1414 2007 1455 pro

301 1476 462 1516 tradito
494 1474 618 1525 δεινή.

244 1543 311 1582 Fr.
345 1543 444 1582 630.
476 1541 709 1592 λάβρακα
740 1550 817 1590 pro
848 1537 995 1591 γέλωτα
1027 1538 1228 1588 proponit
1256 1538 1340 1588 BL,
1384 1538 1457 1587 qui
1484 1538 1627 1578 lenius
1658 1540 1774 1579 certe
1804 1540 2010 1589 potuerat

302 1609 576 1662 γαλεώτην.
603 1608 798 1648 Tametsi
825 1607 971 1647 locum
997 1607 1191 1656 (propter
1215 1605 1494 1652 brevitatem)
1521 1616 1607 1646 non
1630 1606 1759 1656 plane
1779 1607 2007 1658 intellego,

303 1677 355 1717 cf.
390 1677 497 1716 Ran.
531 1678 588 1716 43

613 1740 681 1781 καὶ
711 1756 771 1782 τοι
802 1741 937 1781 δάκνω
968 1737 999 1793 y’
1035 1739 1228 1792 ἐμαυτόν,
1259 1736 1339 1780 ἀλλ’
1374 1739 1480 1792 ὅμως
1511 1744 1623 1794 γελῶ.

304 1811 459 1851 Verte:
496 1811 698 1860 „risum
730 1810 792 1849 de
823 1809 1179 1849 salsamento
1210 1809 1541 1850 devorabo”.

245 1880 313 1918 Fr.
345 1880 444 1919 633.
478 1878 539 1918 De
570 1878 833 1918 attractione
865 1877 929 1917 Bl.
964 1877 1037 1917 eft.
1073 1877 1298 1926 Hermipp.
1332 1877 1373 1916 II
1403 1877 1490 1916 415
1523 1877 1577 1918 M.

245 1947 312 1986 Fr.
346 1948 446 1987 636.
478 1947 594 1987 Ante
627 1945 690 1985 Bl.
724 1945 890 1985 contuli
921 1945 1121 1985 Pherecr.
1156 1946 1226 1995 51,
1261 1945 1302 1985 3.

244 2014 309 2054 Fr.
343 2015 442 2055 640.
475 2015 519 2054 Si
551 2023 709 2054 sanum
742 2015 827 2063 est,
861 2013 973 2062 quod
1005 2013 1261 2053 etiamnunc
1287 2011 1456 2061 dubito,
1489 2012 1753 2065 ἑξαχοίνικον,
1779 2014 2009 2065 peregrino

304 2082 372 2122 hic
414 2093 475 2121 vs.
507 2081 766 2121 tribuendus
797 2090 897 2120 cum
930 2080 1109 2120 Kockio.
1143 2079 1225 2119 Pro
1258 2079 1419 2119 Kleinii
1451 2081 1706 2122 coniectura
1735 2077 2009 2134 ὀκταχοίνικον

304 2150 368 2189 Bl.
400 2150 491 2189 iure
523 2148 718 2199 postulat
747 2145 1038 2199 ὀκτωχοίνικον.

246 2217 313 2256 Fr.
346 2218 445 2257 646.
480 2217 574 2256 Uno
608 2226 670 2255 vs.
704 2215 767 2256 Bl.
800 2217 864 2262 (ut
895 2215 1034 2265 Kock,
1067 2215 1141 2264 qui
1173 2216 1325 2255 tamen
1357 2217 1509 2255 servat
1539 2213 1724 2263 ἐοικέναι)

645 2280 992 2335 προσεικέναι
1023 2280 1099 2334 γὰρ
1131 2280 1255 2322 αὐτὸν
1287 2276 1398 2333 οἶμαι
1428 2281 1591 2322 κόλλοπι

303 2351 491 2401 probans
522 2351 634 2391 hanc
663 2350 813 2391 Cobeti
845 2359 1078 2399 meamque
1110 2350 1424 2390 coniecturam.
1458 2350 1603 2391 Facile
1634 2353 1786 2392 autem
1814 2351 1896 2393 hac
1916 2361 2009 2392 ver·

305 2418 457 2458 borum
488 2419 831 2468 transpositione
864 2417 1125 2457 carebimus.

248 2486 315 2525 Fr.
347 2487 447 2535 647,
482 2487 521 2526 2.
554 2484 600 2524 τὰ
641 2484 770 2537 miquo?
810 2499 887 2536 μου
915 2481 1164 2535 ’ξέφηνεν
1207 2488 1299 2535 (pro
1339 2483 1617 2534 μούξέπιπτεν)
1651 2486 1714 2526 Bl.
1748 2486 1907 2538 Quidni
1935 2495 2012 2536 per

306 2554 447 2593 crasin
478 2551 760 2604 μούξέφηνεν7
797 2552 919 2593 Idem
950 2562 1135 2592 servans
1167 2561 1311 2592 accus.
1345 2552 1482 2593 absol.
1515 2553 1574 2601 (in
1607 2555 1833 2595 comoedia
1862 2564 2009 2606 suspe-

305 2624 460 2670 ctum),
493 2620 729 2671 προύκυψεν
759 2623 887 2669 (παρ-,
917 2620 1000 2666 ἐξ).
1034 2619 1237 2659 Praestat
1267 2619 1376 2659 nihil
1409 2630 1585 2661 novare.

248 2688 314 2727 Fr.
348 2689 447 2728 651.
480 2686 639 2739 ἀνήσεις
669 2698 770 2728 cum
802 2687 895 2727 cod.
938 2686 1083 2726 Falck.
1116 2688 1194 2726 aut
1226 2684 1365 2737 ἀνήσει
1397 2687 1600 2737 praefert.
1634 2689 1698 2729 Bl.
1741 2689 1828 2730 Res
1858 2689 2010 2730 diiudi-

308 2756 396 2795 cari
429 2756 592 2804 nequit.

250 2822 315 2861 Fr.
334 2823 434 2862 653.
462 2822 643 2863 Temere
660 2821 723 2862 Bl.
750 2818 887 2872 φέρειν
904 2820 969 2859 δεῖ
987 2830 1065 2870 pro
1086 2818 1224 2871 φέρειν
1242 2825 1337 2870 νῦν,
1353 2823 1399 2861 et
1416 2821 1467 2861 fr.
1486 2823 1569 2862 654
1591 2823 1638 2863 B.
1661 2823 1871 2866 <πόθεν>
1892 2822 2010 2864 εὐθὺ.
2054 2814 2055 2817 “

251 2888 318 2927 Fr.
350 2890 448 2929 657.
490 2888 571 2929 Cft.
615 2889 678 2928 Bl.
711 2889 899 2928 latinum
942 2887 1154 2927 floccos
1185 2886 1378 2936 legere
1410 2887 1536 2934 (Cels.
1571 2889 1612 2929 11
1643 2891 1685 2936 6)
1716 2892 1763 2931 et
1793 2890 2009 2942 Theophr.

308 2955 434 2995 Char.
462 2956 514 3003 11,
543 2957 595 2995 21
624 2959 669 2995 et
694 2955 804 2995 alios
831 2954 950 2995 locos
968 2964 1008 3004 p.
1027 2954 1083 2994 70
1100 2956 1145 2994 et
1162 2954 1262 2994 319.
1290 2953 1372 2994 Pro
1398 2953 1537 3005 παρὼν
1555 2957 1743 2998 coniecit
1763 2967 1961 3010 προστρ
1973 2955 2011 2997 1-

309 3038 367 3073 χω
379 3037 411 3061 ν.
439 3023 597 3062 Lenius
615 3022 754 3072 Bergk
779 3020 1016 3074 περιιώνς
1042 3020 1318 3062 Kockianum
1345 3029 1655 3074 παρακορῶν
1683 3034 1770 3065 non
1788 3024 2009 3076 intellego.

253 3089 320 3128 Fr.
354 3090 450 3129 667.
483 3087 869 3141 ἀπεριλάλητος
904 3088 1113 3140 Αἰσχύλος.

312 3156 379 3195 Ita
418 3156 501 3195 dici
542 3157 712 3196 videtur
742 3166 769 3195 a
805 3158 952 3206 poeta,
993 3157 1044 3196 ut
1068 3155 1258 3205 Euripidi
1289 3158 1545 3205 opponatur.
1577 3158 1639 3199 Cf.
1672 3159 1782 3200 Ran.
1815 3160 1915 3200 889.
1947 3158 2011 3200 De

312 3223 441 3262 verbo
466 3226 686 3274 περιλαλεῖν
718 3224 769 3263 cf.
803 3224 878 3263 Ar.
911 3222 1025 3263 Eccl.
1061 3222 1162 3262 230.
