2216 3522
1054 205 1136 248 179

202 319 270 362 Fr.
304 323 403 364 853.
447 321 594 364 Lectio
638 322 678 364 ε’ν.
710 325 898 377 γειτόνων
930 330 1186 379 neutiquam
1219 331 1478 383 defenditur,
1523 335 1571 374 ut
1606 337 1732 384 putat
1763 333 1842 387 BL,
1876 335 1967 377 Ari-

262 391 493 440 stophanis
539 392 647 432 locis
695 394 808 434 Plut.
857 396 956 446 435,
1006 398 1107 445 Lys.
1142 399 1242 448 701,
1291 410 1475 448 quorum
1518 401 1690 441 diversa
1731 405 1799 442 est
1839 405 1967 454 ratio,

263 458 334 497 ubi
365 469 511 509 praep.
546 458 587 499 ἐκ
618 471 757 510 aeque
787 464 855 502 est
886 466 1138 504 necessaria
1169 467 1298 514 atque
1331 467 1402 506 hic
1434 465 1487 505 ἐν.

202 525 270 565 Fr.
300 508 404 585 864.
438 527 629 568 Verbum
667 529 946 581 περιφράττειν
979 533 1090 581 apud
1125 533 1410 573 Plutarchum
1442 535 1552 574 satis
1585 537 1755 577 munire
1786 538 1971 578 arbitror

260 595 571 635 correctionem
604 606 750 636 meam
782 597 1057 651 περίφραγμα,
1093 611 1180 648 qua
1211 611 1264 640 ne
1296 605 1645 643 commemorata
1676 605 1869 655 quidem,
1906 606 1968 645 ΒΙ.

262 662 436 702 inutilia
465 664 622 703 tentat.

202 729 270 768 Fr·
303 730 404 770 866.
436 731 499 770 Bl.
533 731 795 784 παρετράφην
832 730 978 774 <zc’z'v>.

203 797 270 837 Fr.
305 799 404 839 871.
437 798 613 849 Corrige
647 797 859 851 ἕξηύρηκα.

202 866 270 905 Fr.
304 868 402 907 873.
436 868 485 906 In
516 867 682 907 scholio
714 869 832 908 recte
863 868 928 908 Bl.
963 866 1026 907 ἐπὶ
1061 869 1240 925 Ληναίῳ.
1290 913 1294 918 ,

202 933 270 974 F'r.
303 935 403 974 877.
446 931 630 986 ἒκάθηντ’
676 933 739 973 ἐπὶ
780 935 927 988 δίφρου
969 936 1097 988 μήτηρ
1139 952 1176 976 τε
1209 936 1274 976 καὶ
1306 937 1522 990 παρθένος.
1557 942 1815 990 Spectantes
1847 955 1963 993 pom·

184 1038 189 1042 .
259 1013 360 1051 pam
392 1003 604 1053 aliquam,
638 1005 687 1043 ut
717 1004 928 1054 suspicor,
964 1005 1060 1044 coll.
1093 1006 1144 1045 fr.
1178 1006 1264 1045 494
1297 1005 1417 1058 μικρὰ
1450 1005 1706 1058 Παναθήναι’
1744 1009 1880 1061 ἐπειδὴ
1914 1012 1953 1050 δι

260 1067 406 1121 ἀγορᾶς
431 1069 637 1121 πέμποντά
667 1081 728 1120 σε,
759 1070 963 1122 Μοσχίων,
993 1071 1121 1124 μήτηρ
1153 1071 1255 1123 ἕώρα
1275 1079 1341 1124 τῆς
1359 1073 1479 1126 κόρης
1512 1071 1578 1124 ἐφ’
1615 1075 1861 1128 ἅρματος,
1893 1080 1961 1118 ubi

259 1138 413 1177 malim
455 1133 522 1188 ἀφ’
563 1137 748 1189 ἅρματος.
791 1138 852 1178 Cf.
896 1139 1031 1179 etiam
1063 1140 1114 1179 fr.
1149 1142 1247 1191 558,
1292 1142 1404 1190 quod
1442 1143 1545 1182 olim
1579 1154 1658 1192 ope
1690 1144 1961 1185 Cistellariae

259 1205 279 1244 I
315 1206 352 1255 1,
386 1206 440 1245 91
476 1206 662 1256 explevi.

200 1272 268 1311 Fr.
303 1273 403 1314 879.
437 1271 535 1312 ἀλλὰ
565 1271 632 1312 καὶ
662 1273 889 1325 χαμαιτύπη
920 1271 926 1324 Ι
953 1273 1072 1326 κρίζει
1104 1290 1172 1322 τις.
1214 1276 1348 1316 Addit
1372 1277 1628 1317 Eustathius
1657 1277 1678 1317 ὅ
1705 1277 1783 1317 ἐστι
1809 1280 1962 1319 ποιόν

259 1355 347 1378 τινα
388 1335 485 1392 ἦχον
526 1339 715 1380 ἀποτελεῖ.
758 1341 874 1381 Fort.
916 1341 1131 1393 πικρόν.
1174 1343 1437 1383 Huiusmodi
1479 1345 1596 1385 enim
1636 1346 1800 1386 clamor
1841 1358 1964 1398 expe-

264 1409 409 1448 ctatur
441 1409 493 1448 ab
526 1409 638 1448 istis.

207 1475 275 1514 Fr.
311 1476 410 1515 882.
444 1476 634 1525 Blaydes
666 1475 736 1526 ὅλη
767 1475 841 1528 γὰρ
874 1476 960 1531 ᾄδει
999 1483 1191 1518 <τοῦτο>
1227 1477 1270 1516 τὸ
1302 1476 1426 1517 κακὸν
1458 1475 1483 1529 ἡ
1514 1478 1638 1527 πόλις.

203 1542 270 1582 Fr.
305 1543 405 1583 883.
454 1544 677 1583 Menandri
723 1545 874 1584 tamen
922 1546 1199 1595 verecundia,
1249 1556 1380 1594 quam
1427 1546 1577 1586 laudat
1622 1548 1834 1599 Meineke,
1877 1561 1963 1589 non

261 1610 473 1650 deterruit
504 1611 567 1651 Bl.
612 1622 667 1651 ne
709 1610 904 1663 διεμήριζε
949 1623 1103 1652 verum
1145 1613 1337 1653 duceret.
1374 1613 1646 1654 Paucissima
1682 1617 1815 1656 verba
1860 1618 1965 1657 certi

258 1678 358 1726 quid
392 1679 667 1728 pronuntiari
699 1680 864 1718 vetant.
1202 1694 1207 1698 ·

205 1745 273 1785 Fr.
307 1746 407 1786 884.
442 1746 557 1785 ταυτί
584 1741 619 1784 σ’
655 1747 719 1786 Bl.

200 1813 267 1852 Fr.
301 1814 400 1853 886.
435 1814 756 1853 Schneidewini
788 1814 1083 1854 coniecturam
1116 1815 1269 1864 probat
1299 1815 1448 1855 Nauck
1480 1817 1576 1856 Mel.
1609 1817 1666 1855 VI
1699 1828 1738 1866 p.
1776 1819 1870 1857 127.

203 1880 270 1919 Fr.
305 1881 406 1921 887.
441 1881 505 1920 Bl.
540 1876 603 1919 εἶτ’
638 1879 803 1932 ἄραντες
835 1882 905 1922 vel
937 1886 1108 1932 (parum
1139 1883 1433 1932 probabiliter)
1465 1880 1544 1922 ἀλλ’
1579 1882 1752 1937 ἄραντες.

200 1947 267 1986 Fr.
302 1948 402 1988 890.
436 1949 531 1988 Imo
562 1948 836 2001 γί<γ>νεται.

197 2015 265 2054 Fr.
300 2017 400 2056 896.
433 2017 691 2057 Eustathius
727 2018 839 2057 1595
873 2019 984 2058 extr.
1017 2017 1123 2070 μύρα
1154 2016 1221 2056 καὶ
1252 2017 1429 2070 κρόμυον
1462 2019 1571 2069 (Sic),
1611 2018 1652 2058 οἵ
1679 2018 1790 2058 τόποι
1823 2017 1865 2058 ἐι·
1898 2015 1956 2066 οἷς

256 2082 357 2122 αὐτὰ
383 2077 496 2134 ἦσαν.
523 2084 626 2123 οὕτω
654 2082 719 2122 καὶ
747 2083 990 2136 Μένανδρος
1023 2083 1266 2135 ἀναμενῶ
1299 2096 1360 2135 σε,
1391 2086 1507 2137 φησί,
1537 2085 1660 2138 πρὸς
1691 2085 1957 2125 τοῦλαιον.

256 2149 415 2191 Contra
455 2152 590 2191 schol.
625 2152 755 2191 Hom.
790 2153 865 2192 Od.
900 2153 940 2203 8,
977 2154 1063 2192 260
1106 2150 1362 2205 Μένανδρος·
1403 2152 1697 2204 ἀνάμεινόν
1738 2168 1792 2204 με
1825 2154 1954 2206 πρὸς

253 2216 449 2258 τοῦλαιον.
490 2219 643 2259 Procul
678 2220 807 2259 dubio
839 2221 1121 2269 grammatici
1155 2222 1278 2260 unice
1310 2223 1514 2261 curantes
1546 2222 1795 2261 Atticorum
1827 2233 1955 2261 usum

253 2285 525 2334 significandi
565 2286 659 2327 fora
694 2287 865 2326 venalia
905 2287 1120 2327 mercium
1151 2288 1420 2338 nominibus,
1456 2289 1721 2328 veniendi
1755 2289 1954 2338 verbum,

252 2353 365 2392 unde
396 2363 610 2402 suspensa
633 2354 775 2394 fuerat
801 2354 1080 2405 praepositio,
1110 2355 1266 2394 addere
1279 2356 1587 2405 neglexerunt,
1616 2366 1695 2395 nec
1721 2357 1955 2405 quidquam

206 2450 210 2453 »
253 2419 473 2468 proficitur
504 2421 722 2470 Blaydesii
749 2423 999 2462 coniectura
1023 2420 1152 2473 παρὰ,
1184 2423 1296 2470 quod
1325 2423 1394 2462 hic
1420 2433 1624 2472 graecum
1653 2434 1750 2464 esse
1776 2425 1956 2464 minime

186 2538 191 2540 .
253 2487 577 2527 demonstratur
615 2488 709 2528 loco
750 2489 858 2529 Ran.
895 2490 995 2539 194,
1038 2489 1110 2528 ubi
1152 2492 1268 2529 recte
1311 2491 1354 2528 et
1397 2490 1546 2530 ordine
1578 2490 1737 2539 legitur
1769 2489 1953 2540 ἀναμενῶ

252 2554 360 2606 παρὰ
385 2553 452 2593 τὸν
479 2555 663 2595 Αὑαίνου
689 2556 818 2595 λίθον.
847 2558 1001 2596 Latine
1027 2557 1203 2605 quidem
1231 2557 1398 2606 optime
1415 2557 1572 2596 dicitur
1601 2558 1736 2606 apud
1770 2558 1952 2597 forum

254 2632 330 2671 pro
372 2622 424 2661 in
466 2622 603 2673 foro,
652 2623 728 2663 sed
767 2624 819 2664 de
860 2624 975 2674 loco,
1021 2623 1092 2663 ubi
1124 2624 1226 2673 quid
1265 2623 1330 2673 fit,
1376 2624 1517 2663 rarius
1548 2623 1664 2672 κατά,
1695 2624 1953 2674 plerumque

254 2687 295 2727 ἐν
342 2690 492 2729 Graeci
545 2690 770 2740 adhibent,
820 2692 990 2740 dicique
1040 2691 1153 2730 solet
1193 2689 1235 2729 ἕν
1278 2693 1351 2745 (τῇ)
1401 2688 1545 2744 ἀγορᾷ,
1591 2689 1632 2729 ἐν
1679 2690 1864 2745 τούλαίῳ,
1911 2689 1953 2729 ἐν

254 2762 305 2810 τῷ
361 2756 493 2812 μύρῳ,
543 2755 584 2795 ἕν
633 2761 712 2804 τοῖς
763 2758 967 2810 λαχάνοις,
1013 2756 1055 2796 ἐν
1102 2764 1152 2811 τῷ
1205 2757 1300 2813 οἴνῳ
1347 2759 1430 2797 etc.
1482 2759 1564 2797 etc.
1614 2757 1838 2797 Probabile
1885 2760 1952 2797 est

254 2823 553 2874 Menandrum,
612 2825 705 2864 sive
761 2825 978 2865 Eustathii
1034 2825 1127 2864 sive
1177 2825 1441 2864 scholiastae
1488 2826 1710 2873 sequimur
1756 2825 1951 2864 testimo-

252 2890 394 2940 nium,
427 2890 621 2931 dedisse:

727 2956 910 3009 ἀναμενῶ
947 2957 1067 3000 <δέ>
1106 2969 1147 2997 σε
1179 2958 1264 3004 (vel
1297 2953 1333 2995 σ’
1370 2955 1458 3010 ἐγὼ)

553 3023 722 3064 ἐλθόντα
754 3025 855 3076 πρὸς
886 3025 1083 3065 τοῦλαιον.

253 3092 350 3130 aut:
1010 3091 1227 3143 ἀνάμεινόν
1259 3105 1304 3141 με
1347 3090 1465 3130 <σὺ>

734 3158 982 3202 <ἔλθόντα>
1019 3158 1116 3211 πρὸς
1149 3157 1347 3198 τοῦλαιον.

252 3226 328 3264 aut
358 3224 519 3264 saltem
550 3225 712 3274 aliquid
745 3225 905 3266 simile.
