2216 3522
1088 222 1144 260 34

298 348 390 388 Non
437 345 572 395 male,
614 345 691 385 sed
732 354 807 394 pro
847 348 947 396 γοῦν
987 343 1144 384 malim
1183 340 1269 395 γὰρ.
1311 342 1397 383 Vix
1438 342 1557 384 enim
1586 343 1704 384 recte
1733 348 1835 396 γοῦν
1868 365 1922 373 -
1953 356 1999 396 γε

296 415 466 455 dicitur.

238 484 305 524 Fr.
339 484 408 531 21,
449 484 483 521 1.
517 476 646 533 μεγάλ’
681 477 775 519 ἅττα
806 489 883 529 pro
915 477 1011 530 μετὰ
1040 483 1174 518 ταῦτα.
1206 478 1270 519 131.

238 551 306 590 Fr.
340 550 410 600 22,
447 550 482 589 1.
515 547 726 602 στρατηγίᾳ
757 546 903 597 πλήθει
934 561 972 586 τε
1003 552 1082 586 τῶν
1113 545 1348 598 εὑρημάτων
1379 545 1511 586 idem.

239 620 304 658 Fr.
338 618 408 658 23.
444 617 585 667 ,Lege
608 612 815 666 Ἡράκλεις
845 624 922 664 pro
945 611 1146 666 Ἡρακλῆς
1176 625 1253 665 per
1282 613 1701 655 exclamationem”.
1733 612 1898 654 Nauck.

237 686 304 726 Fr.
338 686 407 724 26.
646 681 765 734 ψώρα
797 677 834 720 δ’
868 681 948 734 ἔχοι
978 681 1255 734 Συρακόσιον,
1284 677 1346 721 εἶτ’
1382 677 1574 732 ἐπιφανὲς

649 748 757 804 αὐτῷ
787 750 896 802 τύχοι
928 747 994 789 καὶ
1025 747 1125 803 μέγα
1156 749 1284 790 κακὸν
1301 780 1310 789 .
1329 781 1337 789 .
1355 780 1363 788 .
1382 780 1390 788 .

296 819 479 861 coniecit
509 818 592 868 BL,
624 817 790 867 reliqua
820 828 921 869 cum
955 817 1119 858 Kockio
1149 817 1417 859 scholiastae
1447 816 1716 857 adiudicans.

238 890 304 929 Fr.
339 888 409 928 32.
451 887 500 926 In
531 885 686 935 Vespis
718 885 803 925 987
837 887 882 925 et
913 886 997 925 991
1040 882 1061 925 ὁ
1092 883 1337 926 ἀπολύων
1367 884 1556 933 καδίσκος
1589 886 1773 925 vocatur
1804 881 1826 924 ὁ
1856 883 1999 926 ὕστε-

295 970 401 1007 ρος,
431 950 452 993 ὁ
484 951 712 999 ἀπολλὺς
744 963 848 993 vero
880 950 901 992 ὁ
933 952 1206 1006 πρότερος.

235 1025 302 1064 Fr.
336 1024 405 1064 33.
438 1021 587 1062 Nauck
617 1020 890 1071 praeferebat
920 1021 1095 1071 Bergkii
1126 1021 1404 1062 coniecturae
1436 1020 1529 1061 cod.
1563 1019 1594 1060 G
1625 1019 1859 1061 lectionem
1890 1018 2000 1073 περί-

293 1093 407 1140 πολε,
437 1089 665 1130 Schwerdt
696 1088 881 1129 coniecit
913 1088 1136 1139 περίπολος.
1169 1089 1299 1129 Facio
1330 1098 1431 1129 cum
1463 1087 1671 1128 Nauckio.

237 1159 304 1199 Fr.
337 1159 408 1199 34.
440 1162 623 1209 χρῆσται,
652 1157 702 1196 ut
732 1155 857 1196 Pher.
891 1156 931 1194 II
964 1156 1072 1205 299;
1106 1156 1330 1206 Aristoph.
1364 1156 1464 1196 362.
1497 1156 1562 1196 Bl.

237 1227 304 1267 Fr.
338 1227 407 1267 45.
807 1224 1059 1275 Κορκυραῖαι
1091 1220 1127 1264 δ’
1164 1220 1325 1264 οὐδὲν
1343 1254 1351 1262 .
1370 1253 1378 1262 .
1396 1253 1404 1262 .

807 1289 1090 1340 ἐπιβάλλουσιν
1120 1291 1316 1344 μάστιγες.

354 1360 440 1400 Vix
478 1358 643 1400 sufficit
682 1358 838 1398 Kockii
868 1359 1228 1409 supplementum
1260 1357 1436 1411 μετρίως.
1466 1358 1627 1409 Aptius
1657 1358 1734 1398 sed
1765 1358 1883 1400 iusto
1913 1359 2004 1400 vio·

294 1428 458 1469 lentius
503 1427 567 1467 Bl.
615 1424 679 1477 μὰ
725 1421 800 1464 Δί’
849 1422 966 1467 <oux
1007 1423 1160 1480 ὀλίγας,
1200 1437 1261 1467 sc.
1303 1425 1515 1479 πληγάς>,
1558 1426 1715 1467 malim
1756 1421 1794 1465 δ’
1838 1425 1898 1467 οὔ
1940 1424 2002 1478 δὴ

301 1493 536 1547 <μικράς>.

240 1565 306 1604 Fr.
341 1564 410 1604 52.
444 1560 708 1612 ταινιοπώλης
740 1561 1018 1611 ineptissime
1050 1561 1116 1602 Bl.

239 1632 305 1672 Fr.
339 1632 409 1671 53.
1034 1628 1102 1669 τὸν
1134 1628 1414 1683 Κλεόμβροτόν
1444 1643 1485 1669 τε
1514 1634 1606 1669 τοῦ

681 1694 879 1747 Πέρδικος
910 1696 1012 1737 υἱόν.

296 1767 431 1807 Recte
448 1776 525 1816 pro
541 1770 611 1804 τοῦ
629 1764 750 1805 Kock
766 1762 834 1803 τὸν
850 1764 1050 1815 requirit,
1070 1765 1146 1806 sed
1163 1765 1377 1815 comicus,
1411 1765 1458 1805 ni
1472 1764 1613 1815 fallor,
1631 1764 1812 1805 dederat
1825 1765 2002 1805 tantum

1231 1831 1511 1885 Κλεόμβροτόν
1541 1845 1581 1871 τε
1611 1829 1703 1871 τὸν

595 1898 792 1951 Πέρδικος

297 1973 342 2011 et
381 1971 502 2021 prius
542 1967 609 2008 τὸν
648 1971 692 2009 et
728 1967 819 2008 υἴόν
850 1968 1070 2008 reddenda
1099 1970 1203 2008 sunt
1234 1969 1481 2019 Athenaeo,
1515 1969 1566 2008 ut
1596 1966 1740 2008 eidem
1771 1965 1878 2027 oliui
1908 1965 1999 2007 red·

296 2038 383 2078 didi
414 2038 603 2077 alterum
634 2031 742 2083 οἶκος
772 2036 817 2075 in
848 2036 899 2076 fr.
934 2037 1004 2076 66.

239 2107 305 2146 Fr.
340 2106 410 2146 56.
443 2104 689 2145 Incredibili
720 2104 905 2144 levitate
934 2103 999 2143 Bl.
1030 2102 1227 2151 θυννίδος
1252 2114 1329 2154 pro
1354 2099 1537 2153 αὖξίδος,
1561 2111 1830 2152 quamquam
1855 2110 1998 2151 gram·

296 2173 486 2213 maticus
517 2173 564 2212 B.
582 2173 631 2212 A.
664 2172 765 2221 464,
791 2173 817 2211 5
849 2171 1011 2211 diserte
1042 2173 1195 2212 monet
1226 2167 1370 2219 αὐξίδα
1400 2181 1498 2211 esse
1529 2180 1670 2220 genus
1700 2167 1909 2216 θυννίδος.

239 2242 305 2281 Fr.
339 2241 408 2290 58,
429 2228 482 2279 ’3.
514 2239 623 2279 cum
657 2239 720 2278 131.
747 2239 980 2288 legendum
1008 2238 1239 2294 Διοκιειδῃ,
1265 2239 1341 2279 sed
1367 2239 1532 2279 frustra
1555 2236 1768 2278 sollicitat
1792 2235 1935 2287 fr.59,
1958 2236 1996 2276 1.

240 2309 305 2349 Fr.
339 2310 408 2348 63.
442 2306 611 2358 ὅσονπερ
643 2307 821 2347 Richter
851 2307 905 2347 ad
936 2306 1066 2356 vesp.
1100 2317 1140 2357 p.
1178 2307 1280 2358 160,
1314 2307 1412 2347 coll.
1445 2306 1520 2356 Eq.
1554 2306 1654 2346 797.
1687 2305 1835 2346 Monet
1864 2303 1930 2345 Bl.

239 2377 306 2415 Fr.
340 2377 409 2416 66.
443 2375 537 2414 Vid.
570 2375 623 2414 ad
656 2374 707 2414 fr.
742 2375 811 2414 53.
852 2378 859 2381 “

238 2443 304 2483 Fr.
341 2444 408 2483 70.
442 2442 692 2492 Legendum
743 2441 910 2481 abiecto
961 2441 1150 2482 absurdo
1203 2441 1398 2482 dorismo
1444 2438 1619 2494 ἀνάγκα,
1663 2441 1768 2480 nato
1814 2448 1839 2480 e
1884 2438 2003 2480 male

297 2510 518 2551 intellecto
549 2509 805 2559 pronomine
837 2507 863 2547 ἅ

551 2574 576 2615 ἃ
609 2573 646 2616 δ’
681 2575 878 2629 ἀνάγκη
904 2571 983 2615 ’στ’
1017 2575 1189 2628 ἱερεῦσιν
1215 2576 1461 2628 καθαρεύειν
1493 2574 1714 2628 φράσομεν.

300 2645 381 2684 Vix
413 2647 529 2685 recte
560 2644 727 2694 Nauck,
759 2645 971 2694 probante
1003 2643 1092 2684 BL:

552 2709 577 2749 ἃ
610 2707 646 2750 δ’
682 2706 859 2763 ἀνάγν’
895 2706 987 2750 ἐστ’
1021 2710 1193 2761 ἱερεῦσιν
1224 2709 1299 2751 κτὲ.

298 2779 410 2828 quod
456 2780 519 2819 ita
564 2781 740 2820 tantum
781 2779 899 2819 recte
938 2788 987 2818 se
1019 2778 1218 2829 haberet,
1251 2779 1290 2819 si
1327 2778 1572 2830 καθαρεύειν
1595 2793 1650 2810 =
1673 2774 1859 2829 καθαρὸν
1897 2771 2001 2816 εἶναι
2082 2787 2086 2791 ’

298 2846 412 2885 idem
459 2848 576 2886 esset
621 2846 732 2895 quod
778 2844 1000 2896 καθαίρειν.
1048 2845 1162 2886 Ordo
1211 2846 1466 2886 verborum:
1514 2843 1722 2896 φράσομεν
1760 2843 1933 2895 ἱερεῦσιν
1973 2840 2000 2883 ἃ

298 2911 450 2964 ἀνάγκη
483 2911 586 2951 ἐστὶν
617 2913 870 2965 καθαρεύειν.
911 2913 1035 2953 Nunc
1066 2913 1190 2953 video
1222 2924 1277 2954 ex
1310 2912 1599 2954 Addendis
1630 2923 1670 2963 p.
1703 2912 1789 2953 296
1821 2921 1999 2952 mecum

300 2980 440 3020 facere
473 2981 535 3020 Bl.

244 3046 309 3086 Fr.
343 3048 411 3087 74.
798 3047 1039 3099 μισθώτριαι
1070 3047 1125 3087 αἱ
1151 3051 1403 3101 γυναῖκες

417 3113 469 3161 ὡς
503 3115 710 3166 Φρύνιχος.
758 3115 864 3156 ΡΟῙῙ.
896 3115 978 3155 VII
1014 3116 1112 3156 181.

300 3180 391 3220 Non
438 3182 668 3223 delendum
710 3182 754 3221 αἱ
782 3194 881 3223 cum
928 3183 1013 3234 BL,
1060 3183 1137 3224 sed
1183 3182 1229 3222 αἱ
1265 3185 1452 3236 γυναῖκες
1494 3181 1774 3223 tribuendum
1817 3179 1998 3222 Polluci.

301 3247 534 3288 Minoribus
564 3249 724 3289 litteris
755 3250 893 3290 editor
923 3260 975 3291 ea
1005 3250 1195 3291 scribere
1226 3250 1449 3292 debuerat.
