2216 3522
1089 198 1172 241 190

304 320 514 362 Volebam
546 316 753 361 §ndntovo’
788 320 831 362 οἱ
857 322 1049 375 παρόντες
1080 324 1323 376 προσβολήν,
1364 323 1461 366 coll.
1494 325 1568 366 Ar.
1602 323 1702 366 Pac.
1735 325 1806 377 39,
1838 323 1952 376 quod
1983 334 2009 367 Θ

303 390 522 439 Blaydesii
565 392 670 430 nota
709 400 794 430 non
836 391 1122 441 intellegitur.
1156 414 1206 420 -
1245 392 1287 432 οῖ
1321 390 1499 445 γέροντες
1539 393 1635 434 sine
1679 404 1814 434 causa
1853 394 1917 435 Bl.
1953 417 2006 424 —

305 458 378 497 Vs.
412 459 481 499 32.
526 458 747 508 Coniunge
787 455 937 509 ἡμέρας
978 455 1165 511 (ἡμέραῖ)
1199 460 1293 510 δύο,
1324 462 1368 501 et
1400 461 1570 501 videbis
1601 462 1767 501 temere
1798 461 1863 502 Bl.
1897 463 2006 503 coni-

304 536 401 566 cere
432 524 616 576 ἕσπέρας,
647 526 942 566 audacissime
968 529 1194 576 praeterea
1220 530 1400 569 tentans
1426 527 1571 581 χορδὰς
1594 527 1792 580 ἑριφείους
1810 551 1863 558 -
1882 526 2011 582 ὠμός,

302 593 464 634 oblitus
501 594 679 643 insuper
719 593 954 644 corrigere,
997 595 1110 643 quod
1142 597 1294 636 tamen
1326 597 1390 636 ita
1420 596 1718 637 necessarium
1751 598 1839 646 est,
1872 597 2010 649 ζητου·

302 659 435 710 μένας.
483 662 665 711 Insuper
706 672 782 711 pro
826 659 1052 713 ἀποσβέσας
1093 664 1298 713 proponit
1338 663 1575 716 καθηγίσας.
1618 663 1820 704 Ceterum
1862 664 2007 706 locum

302 730 586 779 depravatum
630 739 728 769 esse
767 729 934 779 optime
973 731 1213 781 perspexit.
1251 733 1342 772 Aut
1372 731 1512 782 fallor,
1547 733 1624 772 aut
1654 732 1813 772 lacuna
1843 732 2012 774 laborat

301 797 365 837 sic
397 798 557 847 partim
591 797 830 846 explenda:

583 865 727 916 χορδῆς
769 863 848 904 <δέ
878 879 920 918 γε
951 866 1170 917 τόμουςῗ>
1205 863 1356 919 ἡμέρας
1391 865 1658 919 ζητουμένους

585 928 652 971 δύ’
689 929 802 984 ἐχθὲς
834 930 967 983 ὠμοὺς
1000 933 1055 982 εἰς

1182 1022 1197 1037 ¹
1267 1003 1311 1043 τὸ
1343 1000 1431 1055 νεῦρ’
1469 1002 1706 1056 ἀποσβέσας.

302 1071 383 1110 Sed
416 1070 513 1119 quis
544 1080 707 1118 quaeso
740 1070 906 1120 reliqua
932 1071 1214 1121 probabiliter
1241 1072 1417 1122 explere
1444 1073 1638 1122 poterit?
1655 1095 1708 1101 —
1727 1072 1801 1112 VS.
1830 1072 1902 1112 34.
1929 1072 2012 1113 Pro

300 1137 365 1177 καὶ
406 1137 506 1188 πρὸς
538 1138 601 1177 Bl.
634 1136 750 1176 κάπεὶ
792 1139 862 1178 vel
904 1134 1021 1190 χῶτε,
1052 1140 1209 1188 quibus
1241 1140 1363 1180 locus
1395 1140 1607 1180 obscurus
1639 1150 1726 1180 non
1758 1138 1806 1179 fit
1839 1139 2010 1189 clarior,

301 1217 381 1247 nec
410 1205 476 1245 καὶ
507 1204 626 1255 πρὸς,
656 1207 710 1245 et
741 1208 1060 1257 praeterea,
1094 1209 1263 1247 temere
1297 1208 1577 1248 mutandum.

242 1275 308 1314 Fr.
343 1275 368 1314 2
399 1274 687 1314 sanissimum
721 1276 802 1314 est.
833 1274 1016 1315 Temere
1048 1278 1148 1324 post
1179 1276 1451 1325 Madvigium
1483 1275 1695 1316 sollicitat
1725 1274 1928 1325 Blaydes.

242 1344 307 1382 Fr.
342 1344 381 1393 3,
417 1344 455 1382 2.
504 1344 666 1381 σεῦτλον
712 1352 788 1391 pro
836 1339 879 1381 δὲ
926 1346 1067 1382 σεῦτλα
1110 1346 1228 1384 recte
1270 1344 1335 1384 Bl.
1372 1366 1423 1372 —
1461 1343 1535 1383 Vs.
1578 1345 1636 1383 4..
1662 1340 1853 1382 ἀπόιισον
1898 1342 2008 1382 bene

300 1413 461 1459 tuetur,
494 1410 578 1449 nisi
610 1410 723 1459 quod
754 1408 965 1449 ἀπότεισον
997 1411 1277 1451 scribendum
1311 1421 1410 1451 esse
1441 1411 1568 1452 hodie
1600 1412 1788 1451 constat.

240 1479 307 1518 Fr.
342 1480 379 1527 7,
418 1480 453 1517 1.
482 1477 546 1517 Bl.
579 1479 695 1517 recte
728 1476 782 1524 τίς
814 1476 891 1516 ἔστι
924 1481 1014 1527 (pro
1046 1476 1138 1524 ἐστι)
1171 1481 1216 1518 et
1248 1489 1423 1519 mecum
1456 1478 1523 1530 χαί
1552 1489 1628 1528 pro
1659 1475 1746 1528 καὶ,
1774 1477 1850 1518 sed
1884 1487 1948 1518 vs.
1978 1477 2004 1517 2

300 1545 645 1596 improbabiliter
676 1544 813 1583 σκόπει
845 1555 922 1595 pro
954 1545 1113 1595 μαθών.
1147 1546 1402 1586 Orationem
1429 1546 1734 1596 imperfectam
1761 1555 1860 1586 esse
1885 1544 2007 1586 intel·

297 1614 499 1653 lexerunt
530 1613 730 1652 editores
765 1635 819 1640 —
851 1612 1074 1653 Pollucem
1106 1614 1148 1653 II
1185 1614 1266 1654 185
1298 1613 1408 1654 bene
1440 1624 1463 1654 e
1495 1614 1652 1654 Photio
1685 1613 1865 1663 corrigit
1895 1612 1961 1653 Bl.

242 1682 308 1721 Fr.
342 1682 382 1730 9,
418 1682 457 1721 2.
1234 1677 1449 1721 κάσθίονθ’
1485 1680 1566 1733 ἅμα

655 1746 815 1799 ἐποίησε
846 1748 1039 1799 πηδᾶν,
1071 1747 1170 1788 ὅθεν
1204 1747 1356 1800 ἐκλήθη
1388 1748 1577 1801 κάραβος.

300 1816 420 1856 Kock
471 1815 632 1866 „undana
674 1827 759 1856 non
802 1816 1032 1867 intellego,
1077 1817 1163 1857 nisi
1195 1818 1255 1857 sit
1285 1817 1489 1867 gaudio
1521 1817 1830 1858 exultare.'’
1861 1817 1922 1856 At
1951 1826 2007 1856 ne

298 1885 361 1924 sic
407 1884 583 1933 quidem
632 1885 905 1934 intellegitur
951 1885 1146 1925 nominis
1192 1886 1325 1936 ratio,
1384 1886 1486 1934 quia
1533 1885 1758 1926 canceri
1805 1893 1893 1924 non
1938 1885 2009 1924 est

297 1953 528 1993 saltare.
586 1952 717 1992 Aliud
773 1953 909 2002 igitur
964 1952 1102 1992 latere
1158 1954 1238 1994 sub
1287 1953 1418 1994 verbo
1466 1955 1636 1994 certum
1682 1954 1774 2002 est,
1820 1951 1898 1992 sed
1944 1950 2006 1991 nil

299 2021 390 2070 apti
423 2020 606 2070 reperio.

240 2090 306 2128 Fr.
342 2090 408 2139 10,
443 2090 483 2129 3.
516 2087 626 2128 Cum
660 2088 723 2128 Bl.
757 2088 910 2128 malim
944 2086 1058 2140 ἐχθὲς
1092 2085 1127 2127 δ’
1164 2086 1468 2138 ἐκινδύνευσας,
1499 2087 1692 2137 perfecto
1719 2087 1856 2137 enim,
1889 2086 2003 2136 quod

299 2166 443 2197 errore
483 2158 637 2196 natum
680 2155 852 2195 videtur
893 2166 916 2196 e
957 2166 1215 2206 praegresso
1257 2155 1520 2206 μεμάθηκας,
1559 2155 1635 2195 vix
1677 2155 1800 2195 locus
1831 2156 1911 2195 est.
1965 2176 2003 2181 —-

296 2225 370 2264 Vs.
403 2225 429 2264 4
462 2235 525 2273 sq.
559 2223 619 2264 cf.
655 2223 900 2274 Euphronis
931 2223 982 2263 fr.
1020 2226 1056 2274 1,
1091 2224 1146 2263 23
1180 2233 1272 2273 sqq.

240 2293 305 2333 Fr.
343 2294 409 2343 11,
443 2293 483 2333 3.
527 2292 611 2331 Vix
652 2301 759 2332 sane
800 2291 903 2331 ferri
944 2292 1091 2341 potest
1131 2296 1285 2343 πρῶτος
1324 2290 1394 2338 (al.
1426 2293 1618 2341 πρῶτον),
1651 2290 1728 2331 sed
1760 2290 1873 2340 quod
1903 2299 2002 2340 sug-

296 2360 409 2409 gerit
439 2360 503 2399 Bl.
535 2359 659 2409 φασίν
691 2369 774 2409 quo
807 2361 933 2408 pacto
965 2358 1064 2398 inde
1090 2358 1210 2398 nasci
1239 2359 1432 2408 potuerit
1457 2368 1542 2399 non
1567 2359 1820 2408 exputo.—
1838 2357 1912 2398 Vs.
1935 2358 2002 2398 15.

563 2424 683 2467 οὐδὲν
715 2424 736 2465 ὁ
768 2426 953 2478 μάγειρος
985 2430 1055 2465 τοῦ
1087 2430 1256 2477 ποιητοῦ
1289 2423 1480 2477 διαφέρει·

564 2492 585 2533 ὁ
616 2500 742 2541 νοῦς
774 2494 847 2545 γάρ
879 2491 983 2532 ἐστιν
1014 2491 1184 2549 ἑκατέρῳ
1217 2493 1368 2532 τούτων
1401 2494 1607 2539 (τούτοινῖ)
1639 2493 1719 2539 ΒῙ.)
1750 2490 1876 2545 τέχνη.

296 2565 339 2603 Si
371 2566 488 2603 recte
518 2574 566 2603 se
599 2563 748 2613 habet,
781 2562 893 2611 quod
926 2562 1096 2613 dubito,
1131 2559 1151 2601 ὁ
1183 2567 1299 2612 νοῦς,
1330 2560 1551 2611 significat
1580 2557 1602 2600 ὃ
1629 2565 1809 2601 νοοῦσιν.
1841 2559 2001 2610 Exspe-

297 2633 471 2671 etabam
503 2629 698 2677 σκοπός
729 2629 803 2682 γάρ
835 2628 940 2669 ἐστιν
972 2627 1047 2668 κτὲ.

240 2762 478 2807 Machonis
510 2764 560 2804 fr.
598 2766 634 2814 1,
672 2766 708 2804 1.
758 2763 839 2803 Pro
877 2776 943 2813 μοι
976 2762 1072 2802 sine
1105 2772 1241 2802 causa
1271 2776 1352 2801 που
1384 2763 1461 2802 aut
1492 2760 1566 2813 γὰρ
1599 2763 1783 2802 coniecit
1815 2761 1895 2813 BL,
1926 2762 2001 2812 qui

295 2832 580 2871 sollicitatum
614 2842 640 2871 a
671 2841 742 2871 me
773 2829 917 2877 πάντες
947 2833 1026 2876 (νε.
1061 2830 1101 2876 3)
1142 2829 1259 2869 male
1291 2829 1462 2869 defendi
1494 2839 1521 2869 a
1551 2828 1716 2869 Kockio
1747 2832 1864 2871 recte
1894 2829 1999 2870 iudi—

296 2910 419 2949 cans,
461 2901 554 2949 ipse
593 2899 794 2949 proponit
833 2897 991 2945 πάντως
1032 2897 1075 2937 οἰ
1110 2896 1200 2937 θεοὶ
1232 2899 1310 2937 aut
1340 2897 1420 2937 πού
1452 2911 1508 2944 τις
1539 2902 1618 2936 τῶν
1651 2899 1778 2948 θεῶν,
1812 2907 1999 2948 quorum

296 2969 502 3007 neutrum
545 2966 653 3006 mihi
686 2966 841 3016 placet.
883 2965 1039 3005 Latere
1070 2964 1152 3005 sub
1192 2963 1339 3012 πάντες
1371 2963 1554 3004 verbum
1587 2963 1773 3015 videtur,
1808 2965 1902 3006 sive
1932 2959 1996 3005 εἴτ’

295 3032 498 3084 ἔφηναν
530 3033 571 3073 οἱ
597 3033 706 3083 θεοί,
737 3034 831 3074 sive
863 3032 993 3074 aliud.
1030 3054 1083 3062 —
1116 3032 1190 3073 Vs.
1223 3034 1264 3072 4.
1298 3032 1420 3073 Idem
1452 3031 1583 3072 scribi
1616 3032 1737 3073 iubet
1761 3031 1868 3084 πλὴν
1894 3030 1999 3073 ἐστίν

294 3115 333 3153 γε
365 3105 480 3147 (cum
509 3101 600 3141 cod.
629 3102 679 3148 A)
711 3106 907 3152 μουσικοῦ
939 3114 1045 3148 τινος
1077 3110 1152 3150 pro
1177 3099 1479 3150 μουσικωτάτου
1505 3114 1550 3150 τ.,
1575 3099 1648 3149 qui
1676 3102 1826 3141 tamen
1851 3110 1997 3151 super·

293 3169 456 3208 lativus
488 3172 557 3208 est
587 3169 859 3219 aptissimus.
891 3168 1103 3217 Equidem
1136 3167 1248 3208 facio
1279 3177 1380 3207 cum
1412 3166 1663 3207 editoribus.

236 3235 302 3275 Fr.
337 3237 375 3285 2,
414 3238 448 3275 1.
493 3235 601 3276 Cum
640 3235 703 3276 Bl.
736 3235 830 3285 lege
862 3230 946 3274 ἐσθ’
989 3231 1011 3274 ὁ
1043 3244 1120 3284 pro
1152 3231 1230 3274 ἐστὶ
1270 3237 1316 3274 et
1348 3244 1412 3275 vs.
1446 3235 1472 3275 5
1506 3231 1768 3285 ταῖσθητήρια
1799 3244 1876 3285 pro
1906 3235 1998 3290 τᾲσ·
