2216 3522
1041 223 1105 280 ‚11

252 348 349 388 sive
390 349 640 388 coniectura
690 349 865 398 reperta
906 349 996 398 est,
1039 358 1092 386 σε
1131 348 1344 404 φιλήσῃ,
1390 350 1434 396 (i.
1471 360 1509 390 e.
1550 360 1593 389 σε
1649 352 1826 398 φιλεῖν
1871 351 1954 403 φῇ)

204 446 210 451 .
252 415 340 455 nisi
383 415 497 456 forte
541 417 585 456 id
635 417 781 465 ipsum
829 415 1152 455 restituendum
1199 417 1280 456 est.
1328 416 1448 466 Quod
1488 427 1574 457 non
1618 417 1765 457 solum
1809 417 1954 466 ipsum

252 483 412 539 suadet
439 484 671 533 aregione
702 483 952 533 oppositum
978 480 1163 537 ἐχθαίρῃ,
1190 484 1268 523 sed
1301 485 1436 524 etiam
1461 486 1699 525 manifesta
1723 485 1953 524 verborum

253 539 436 590 Hesiodi
476 551 554 601 op.
588 551 673 590 299
704 561 769 599 sq.
810 548 927 603 φιλέῃ
969 548 1012 588 δέ
1049 545 1080 588 α’
1114 548 1357 600 ἐυστέφανος
1388 552 1580 604 Δημήτηρ
1611 552 1808 602 parodia,
1841 551 1955 590 unde

253 627 340 658 non
383 619 501 658 male
541 618 794 668 suspicatur
824 617 890 657 Β1.
931 616 1160 657 Cratinum
1192 619 1421 668 scripsisse
1453 618 1569 675 φιλέῃ
1599 631 1653 659 σε.
1683 620 1780 659 Non
1808 619 1957 659 minus

253 685 365 726 bene
404 687 512 726 haec
557 686 707 739 lectio,
753 685 920 735 opinor,
966 686 1155 734 quadrat
1199 687 1244 726 in
1290 687 1444 727 Kockii
1490 688 1850 738 explicationem,
1904 686 1956 725 ad

253 753 481 793 hominem
513 754 640 793 laute
680 753 934 803 epulantem
981 753 1181 793 Gonnum
1221 755 1490 795 esurientem
1530 756 1735 796 accedere
1776 756 1826 794 ut
1865 755 1958 804 ipse

254 830 388 861 cenae
418 821 497 861 fiat
531 822 770 871 particeps,
803 830 937 869 quam
968 821 1114 860 audax
1143 822 1283 871 ipsius
1314 823 1576 863 coniectura.

193 888 263 928 Fr.
295 889 396 928 319.
441 889 491 928 In
533 889 605 928 his
644 887 756 928 nihil
795 887 963 928 Cratini
1006 890 1075 928 est
1111 891 1285 938 praeter
1315 887 1549 941 ἕπηνίκιζεν.
1583 912 1636 919 --
1669 890 1720 929 In
1751 887 1956 940 πονηροὺς

203 990 206 993 .
252 955 429 997 fabulae
460 966 623 996 nomen
653 955 792 995 latere
823 957 950 1005 putat
981 955 1046 996 Bl.

191 1022 262 1063 Fr.
288 1023 394 1063 321.
442 1023 507 1062 Bl.
549 1020 698 1072 ἄντρον
742 1033 819 1072 pro
852 1020 1013 1074 Ἄργος,
1054 1023 1286 1064 infeliciter
1326 1025 1491 1065 addens
1524 1022 1806 1075 „vellx‘upov”
1840 1023 1955 1072 quod

251 1091 423 1130 comica
451 1090 655 1140 prosodia
686 1091 877 1130 recusat.

194 1157 264 1198 Fr.
292 1158 393 1208 323,
427 1158 454 1197 3
494 1169 573 1208 pro
615 1157 797 1208 ψόφησις
837 1161 953 1204 (cum
986 1169 1028 1198 v.
1059 1159 1089 1199 1.
1121 1162 1220 1206 -σιν)
1251 1160 1316 1199 Β1.
1348 1159 1522 1210 κρότοισι
1554 1161 1695 1210 (quasi
1727 1170 1828 1200 vero
1859 1160 1957 1209 ipsa

252 1224 360 1276 ἴκρια
399 1226 607 1275 plaudere
646 1226 878 1275 possintl),
922 1226 1064 1266 multo
1105 1227 1266 1266 melius
1301 1228 1423 1268 Kock
1452 1227 1636 1278 ψόφοισι.
1668 1227 1824 1277 Quidni
1855 1236 1957 1266 vero

251 1292 396 1332 lenius
427 1292 637 1343 ψοφήσειὶ)
674 1293 787 1334 Utut
817 1295 903 1343 est,
946 1303 1034 1333 non
1066 1294 1300 1335 debueram
1337 1296 1558 1344 quondam
1589 1295 1770 1345 probare
1801 1294 1959 1333 Naberi

255 1360 555 1400 coniecturam
586 1365 705 1411 μῆτερ
737 1371 815 1410 pro
848 1360 986 1412 μήτηρ.

195 1427 263 1467 Fr.
297 1428 397 1477 325,
431 1428 472 1467 3.
524 1430 710 1477 παρεῖναι
749 1438 826 1477 per
872 1438 921 1467 se
966 1439 1054 1469 non
1095 1430 1240 1478 magis
1280 1430 1353 1470 hic
1392 1433 1603 1481 περιεῖναι,
1651 1430 1955 1478 abundare,

254 1493 503 1544 significare
543 1496 691 1544 potest
731 1505 864 1543 quam
906 1495 1022 1536 Crat.
1064 1497 1117 1536 fr.
1154 1498 1207 1536 16
1248 1497 1337 1543 (ubi
1373 1508 1430 1537 ex
1459 1498 1616 1538 Photio
1647 1498 1676 1537 l.
1708 1495 1957 1546 περιουσίαν)

254 1561 457 1613 παρουσία
512 1562 883 1613 abundantia,
940 1566 989 1604 ut
1044 1565 1172 1614 putat
1227 1565 1367 1615 Kock,
1425 1566 1502 1605 sed
1547 1567 1642 1606 arte
1687 1564 1958 1613 iungendum

259 1626 450 1678 ἄφθονον
495 1631 694 1680 παρεῖναι.
731 1629 834 1670 Sine
877 1641 1011 1670 causa
1048 1631 1114 1671 Bl.
1147 1629 1253 1670 ἔστιν
1294 1630 1477 1684 ἐφευρεῖν
1519 1633 1589 1672 vel
1614 1630 1797 1683 ἀνευρεῖν
1827 1630 1959 1677 (male

254 1706 333 1746 pro
378 1694 510 1747 εὑρεῖν
555 1706 591 1736 s.
625 1695 836 1748 ἐνευρεῖν),
878 1709 983 1738 nam
1026 1698 1159 1739 verba
1189 1694 1355 1738 νάπαισι
1389 1722 1442 1728 -
1474 1698 1599 1754 ἕνηβᾷ
1629 1700 1674 1740 in
1705 1698 1959 1749 parenthesi

251 1764 398 1813 posita
429 1765 802 1805 constructionem
833 1766 1171 1816 interrumpunt.
1204 1767 1299 1807 Non
1330 1767 1448 1807 male
1472 1767 1661 1807 fortasse
1686 1767 1829 1806 Naber
1860 1780 1903 1815 τρ
1914 1765 1959 1803 ά-

257 1841 387 1883 γοισιν
417 1842 496 1881 pro
528 1829 708 1882 ἀγροῖσιν
739 1833 848 1878 (cod.
882 1831 1064 1884 ἀγρίοις).

177 1899 266 1940 rr.
299 1899 400 1939 324.
432 1899 497 1939 Bl.
532 1899 606 1939 cst.
640 1897 829 1950 ἐμβρύεια
861 1900 985 1951 (κρέα)
1016 1902 1090 1941 Ar.
1123 1902 1175 1941 fr.
1209 1902 1309 1950 476,
1343 1903 1370 1941 4
1402 1902 1527 1942 Dind.
1564 1924 1611 1929 —
1644 1902 1764 1941 Idem
1791 1901 1843 1940 fr.
1872 1900 1956 1940 327

253 1966 363 2006 bene
393 1967 577 2016 requirit
608 1965 787 2018 ηὐθὲνει.
818 1968 990 2008 Passim
1022 1969 1131 2008 talia
1162 1970 1417 2018 corrigenda
1447 1971 1565 2010 sunt.

195 2033 265 2074 Fr.
298 2034 398 2074 334.
432 2033 806 2085 ὑποκαπνιζόμενον
830 2034 1234 2086 ρτοὺπεκλυόμενον
1259 2037 1304 2076 in
1331 2037 1467 2077 schol.
1495 2037 1626 2086 Vesp.
1644 2046 1753 2076 corr.
1770 2036 1820 2077 R.
1838 2035 1958 2078 Ellis.

193 2100 262 2141 Fr.
295 2101 395 2141 335.
427 2101 492 2141 Bl.
534 2098 1025 2154 ἔγκεχοιριλημένη·
1059 2101 1083 2154 ἡ
1120 2114 1197 2153 pro
1234 2102 1580 2154 ἐκκεχοιριλωμένη
1612 2102 1673 2142 οὗ.
1707 2105 1765 2143 At
1797 2103 1850 2142 cf.
1885 2104 1959 2143 Ar.

258 2167 368 2209 Nub.
402 2169 489 2208 740
527 2165 903 2220 ἐγκεκοισυρωμένη.
950 2170 1183 2210 Praeterea
1227 2171 1402 2220 negatio
1448 2171 1557 2210 bene
1599 2171 1820 2220 conspirat
1860 2179 1960 2209 cum

200 2268 207 2275 .
252 2248 399 2290 praep.
431 2234 484 2275 ἐκ.
516 2237 563 2275 et
593 2237 842 2287 sequentia,
878 2238 1075 2278 admissa
1105 2239 1194 2278 ista
1224 2240 1354 2289 coni.,
1389 2239 1510 2278 omni
1542 2249 1673 2278 sensu
1707 2240 1871 2280 carent.

194 2309 263 2358 Fr,
298 2307 400 2346 344.
434 2303 664 2355 τροχίσκους
696 2304 816 2344 Ellis.
848 2305 943 2345 Non
975 2306 1196 2355 intellego.

195 2375 265 2415 Fr.
299 2373 399 2412 349.
436 2370 498 2411 Cf.
534 2370 644 2418 Δεξώ
675 2370 728 2411 fr.
756 2372 842 2411 401
877 2374 922 2412 et
954 2372 1077 2411 Kock
1109 2373 1163 2412 ad
1194 2373 1246 2411 fr.
1281 2373 1350 2411 69.
1387 2374 1456 2412 70.

195 2443 264 2482 Fr.
297 2441 397 2489 362,
432 2440 473 2478 3.
507 2438 631 2477 Kock
664 2439 814 2487 procul
846 2439 975 2479 dubio
1007 2440 1147 2479 voluit
1183 2440 1368 2490 ,μύρμηξ
1400 2450 1477 2489 pro
1509 2438 1695 2490 σέρφος”.

196 2511 266 2550 Fr.
298 2510 400 2549 364.
449 2506 593 2545 Etiam
642 2505 871 2547 Cratinum
913 2507 1216 2558 πισσοκώνητον
1257 2506 1381 2558 μόρον
1422 2507 1589 2546 dixisse
1629 2508 1756 2555 putat
1786 2505 1870 2554 ΒΙ.,
1917 2505 1961 2543 in

258 2577 340 2616 hoc
370 2574 533 2614 saltem
566 2583 717 2612 errans
747 2575 861 2622 quod
893 2574 1101 2615 similiter
1131 2576 1304 2614 mutare
1335 2574 1429 2614 vult
1461 2574 1518 2624 gl.
1546 2572 1829 2627 πισσοκωνήτῳ
1854 2571 1961 2622 πυρί.

198 2645 267 2684 Fr.
302 2643 402 2683 374.
442 2640 507 2680 Bl.
542 2639 616 2679 cft.
651 2637 842 2691 ὄξυβόας,
874 2642 1119 2693 κοκκυβόας,
1149 2639 1340 2693 ἡδυβόας.

199 2711 268 2752 Fr.
302 2710 403 2750 382.
446 2706 613 2748 Crateti
650 2707 844 2749 vindicat
875 2710 1044 2760 Nauck,
1078 2710 1264 2749 laudans
1301 2709 1367 2748 Et.
1402 2709 1526 2749 Voss.
1560 2719 1599 2757 p.
1638 2709 1718 2747 193
1751 2706 1794 2746 C.
1828 2706 1960 2746 Gaisf.

258 2777 325 2818 καὶ
360 2775 560 2825 Κράτης
591 2772 759 2822 ἅναλτος
790 2776 924 2827 χύτρα.
950 2778 1101 2817 Jacobi
1128 2777 1275 2826 Suppl.
1306 2777 1414 2816 Add.
1444 2787 1483 2825 p.
1502 2777 1572 2815 48.
1605 2775 1793 2814 Dubium
1813 2776 1962 2813 tamen

257 2848 409 2887 utrum
441 2842 592 2883 Crates
624 2853 647 2881 e
677 2841 855 2884 Cratino
888 2855 943 2884 an
976 2845 1180 2885 Cratinus
1212 2855 1235 2884 e
1268 2844 1440 2884 Cratete
1473 2844 1723 2892 corruptum
1756 2842 1828 2880 sit.

198 2915 268 2955 Fr.
300 2913 387 2953 383
419 2908 663 2959 ἀναψικώμη
697 2911 806 2950 coni.
841 2912 1009 2961 Nauck,
1054 2912 1151 2951 coll.
1189 2910 1519 2959 καταφλεξίπολιν
1551 2909 1684 2949 Anth.
1718 2907 1808 2948 Pal.
1842 2909 1882 2956 5,
1917 2908 1961 2955 2,

258 2980 333 3022 ubi
363 2976 673 3026 ἀναφλεξίπολιν
705 2978 905 3027 coniecit,
940 2979 1082 3019 lenius
1114 2978 1197 3027 ΒΙ.,
1232 2978 1309 3017 sed
1342 2977 1608 3027 cacophone,
1641 2973 1927 3023 ἀνανεξικώμη.

200 3050 269 3089 Fr.
302 3047 409 3087 397..
435 3044 500 3085 Bl.
534 3042 609 3082 cst.
643 3033 982 3096 ποντοχᾶρυβδις,
1012 3044 1375 3095 μεθυσοχάρυβδις,

200 3117 270 3157 Fr.
303 3114 404 3155 428.
437 3112 583 3151 Etiam
610 3112 736 3161 κῆρυξ
754 3112 934 3164 (κήρυξῖ)
958 3115 1010 3153 de
1028 3114 1208 3153 muliere
1227 3112 1392 3151 dictum
1410 3112 1484 3151 Ar.
1502 3111 1681 3150 Thesm.
1700 3110 1799 3148 431.
1820 3108 1880 3147 Cf.
1899 3108 1961 3146 Bl.

203 3185 272 3225 Fr.
304 3183 405 3223 430.
438 3178 659 3231 μείξοφρυν
689 3182 809 3220 recte
841 3181 1004 3221 Nauck.

201 3252 270 3291 Fr.
304 3250 405 3290 442.
438 3244 525 3285 ἀντὶ
557 3254 634 3293 pro
665 3246 712 3286 αἱ
738 3247 894 3298 Naber,
927 3249 1137 3297 probante
1171 3247 1218 3286 Ο.
1251 3245 1418 3286 Crusio.
