2216 3522
1114 215 1197 255 110

274 343 342 383 Fr.
379 342 446 381 12.
480 338 621 379 Schol.
649 338 757 378 Ven.
784 338 866 377 Av.
888 338 1000 378 1047
1027 334 1268 389 ἐνεχομένων
1293 346 1371 387 pro
1397 333 1650 390 ἒναγομένων
1670 337 1788 377 recte
1804 335 2036 378 Headlam.

276 410 343 450 Fr.
382 409 446 458 13,
481 408 520 447 4.
569 404 618 446 οὔ
664 404 738 458 γὰρ
777 403 920 444 θανὼν
964 406 1037 456 [γε]
1081 403 1294 454 δήπουθεν
1334 401 1495 457 ἔγχελυν
1534 402 1700 458 φάγοις,
1742 401 1818 443 uti.
1858 402 2043 444 Dindorf

335 476 409 517 οὐκ
450 474 519 522 ἄν,
558 474 635 514 sed
674 471 748 526 γὰρ
790 473 865 512 vix
906 473 1048 522 potuit
1088 472 1247 512 omitti.
1286 471 1402 511 Num
1439 466 1663 523 δήπουθ’
1697 467 1791 511 bv?
1822 471 1888 512 Bl.
1919 466 1952 524 γ’
1986 467 2039 510 ἂν

334 540 479 593 οὐδέν’,
517 542 629 592 quod
669 543 822 582 onerat
861 541 1151 591 sententiam,
1184 543 1260 580 aut
1291 553 1334 592 γε
1365 539 1416 590 δή
1447 554 1504 587 τις
1537 561 1590 568 -
1623 539 1747 592 φάγοι
1787 539 1921 580 nimis
1951 539 2038 580 vio-

333 614 487 653 lenter.
531 610 685 650 Melius
727 609 848 649 Kock
889 622 932 661 γε
973 608 1120 660 δῆθεν,
1161 609 1199 648 si
1232 607 1397 648 ironica
1428 607 1645 657 particula
1674 608 1744 648 est
1773 607 1906 647 huius
1935 606 2039 658 loci,

331 681 406 721 sed
434 682 496 719 ita
521 677 652 718 simul
679 678 930 717 necessaria
956 679 1023 717 est
1050 678 1259 726 suspecta
1284 675 1494 716 Dindorfli
1521 676 1784 717 coniectura.
1811 675 2038 726 Suspicor:

630 743 678 785 οὐ
710 744 785 797 γὰρ
816 743 959 784 θανών
990 758 1031 797 γε
1065 740 1165 795 δῆτ’
1201 741 1262 782 ἂν
1294 743 1455 797 ἔγχελυν
1488 743 1645 797 φάγοις.

276 817 342 856 Fr.
381 817 446 855 16.
490 813 667 852 δοκεῖτον
705 823 782 862 pro
824 811 939 852 δοκεῖ
963 810 1031 852 τὸν
1067 812 1132 852 Bl.
1165 812 1379 852 Neutrum
1411 812 1524 853 satis
1556 811 1759 863 expedio,
1792 821 1875 852 nec
1905 820 2045 862 pauca

333 882 464 923 verba
496 883 660 921 certam
695 880 1051 920 emendationem
1085 880 1341 920 admittunt.

276 952 341 991 Fr.
381 951 446 1000 18,
481 951 520 989 5.
555 947 687 1001 χέουσι
718 958 795 998 pro
827 946 995 1000 φέρουσι
1028 950 1197 989 temere
1228 948 1432 998 Blaydes.

390 1019 587 1058 Incertae
633 1016 751 1057 sedis
796 1016 1060 1066 fragmentis
1106 1026 1130 1056 e
1181 1016 1340 1056 Lexico
1397 1016 1643 1056 Sabbaitico
1690 1016 1709 1055 I
1756 1016 1810 1056 10
1852 1014 2040 1056 accessit

334 1084 635 1135 αὐτόματος
667 1085 869 1135 θηλυκῶς.
906 1081 1148 1135 Φιλέταιρος.

277 1220 527 1277 Amphidis
559 1221 609 1261 fr.
643 1222 684 1270 9,
719 1222 758 1260 5.
793 1219 1099 1260 coniecturam
1132 1230 1279 1260 meam
1312 1217 1521 1269 τώνόματα
1552 1219 1845 1270 improbatam
1878 1218 2044 1260 Kockio

333 1290 487 1340 probat
518 1289 581 1328 Bl.
624 1288 732 1328 Uter
773 1287 932 1328 melius
973 1287 1236 1328 iudicaverit
1276 1288 1387 1327 mihi
1420 1288 1547 1328 hodie
1578 1298 1664 1328 non
1697 1287 1853 1338 liquet,
1895 1287 2044 1338 itaque

333 1359 419 1397 iam
455 1357 561 1397 nihil
596 1357 821 1396 mutarim.

275 1427 341 1465 Fr.
379 1426 443 1473 10,
480 1426 518 1463 2.
566 1423 713 1463 Nauck
754 1424 983 1472 comparat
1019 1419 1288 1474 ὀλβιοδαίμων
1319 1424 1373 1469 (Γ
1403 1424 1516 1474 182),
1546 1420 1785 1475 ὀλβιότυφος
1817 1422 1942 1464 Bion.
1971 1431 2040 1473 ap.

334 1493 453 1541 Diog.
489 1492 532 1531 L.
567 1491 624 1530 IV
656 1491 731 1541 52,
766 1490 1049 1540 κοιλιοδαίμων
1081 1490 1231 1540 Eupol.
1265 1491 1316 1531 fr.
1354 1491 1452 1531 172.

275 1562 340 1601 Fr.
379 1563 443 1609 15,
479 1560 517 1599 2.
560 1556 711 1609 ὡραίου
753 1557 874 1607 φίλου
916 1558 979 1598 ΒΙ.
1023 1558 1155 1598 Recte
1198 1559 1319 1599 Kock
1359 1559 1637 1599 lenissimam
1677 1556 1868 1598 Jacobsii
1914 1557 2041 1599 ratio-

333 1638 434 1668 nem
466 1630 645 1667 secutus
677 1629 758 1667 est.

276 1696 341 1735 Fr.
379 1697 445 1735 16.
481 1696 660 1735 Frustra
693 1695 826 1735 variis
858 1695 1002 1735 modis
1035 1695 1168 1735 verba
1199 1705 1309 1735 sana
1339 1695 1550 1736 sollicitat
1579 1694 1644 1735 Bl.

276 1764 342 1803 Fr.
380 1764 445 1803 18.
479 1760 500 1802 ὁ
531 1765 624 1810 παῖς
657 1762 820 1814 σοβείτω
851 1765 932 1810 τοῖς
962 1762 1167 1815 ποτηρίοις
1198 1765 1370 1814 συχνοῖς.
1402 1763 1594 1803 Facilius
1626 1762 1734 1803 haec
1764 1761 2041 1812 intellegam,

332 1831 369 1870 si
410 1831 633 1870 sumimus
674 1831 717 1870 in
759 1830 962 1880 sequenti
1004 1841 1134 1871 versu
1166 1830 1304 1871 fuisse
1334 1831 1495 1883 κρούων
1525 1828 1720 1883 ἀκράτου,
1758 1829 1855 1870 coll.
1886 1829 2040 1870 Bubul.

333 1899 384 1939 fr.
418 1900 487 1948 49,
522 1900 598 1938 aut
630 1898 790 1946 aliquid
825 1898 1056 1938 eiusmodi.

274 1967 341 2006 Fr.
386 1968 455 2015 20,
500 1968 538 2006 2.
596 1964 703 2012 ἐκτὸς
760 1969 912 2006 contra
963 1966 1234 2006 sententiam
1278 1965 1343 2007 Bl.
1388 1988 1442 1996 —·
1484 1966 1560 2007 Vs.
1608 1967 1649 2007 4.
1682 1965 1764 2007 Cft.
1814 1964 2038 2007 Menandri

332 2036 382 2074 fr.
417 2035 516 2088 281,
550 2035 590 2074 3.
627 2034 747 2074 Addo
779 2035 852 2074 Ar.
887 2034 994 2074 Nub.
1030 2035 1085 2074 36
1118 2033 1275 2086 στρέφει
1307 2033 1379 2086 τὴν
1412 2031 1525 2087 νύχθ’
1563 2033 1671 2086 ὅλην.

274 2103 341 2143 Fr.
377 2104 445 2152 21,
481 2103 519 2141 2.
563 2102 684 2142 Idem
732 2102 839 2151 „Pro
876 2101 919 2157 ἐᾷ
959 2103 1044 2142 erit
1075 2102 1265 2143 fortasse
1296 2103 1365 2143 cui
1396 2102 1590 2143 arrideat
1619 2099 1722 2141 ἀεί”.
1753 2102 1888 2152 Spero
1919 2101 2036 2151 equi-

332 2171 432 2211 dem
466 2171 556 2211 fore
588 2171 826 2211 neminem.

275 2239 341 2279 Fr.
376 2239 444 2278 22.
479 2239 518 2278 2.
553 2237 718 2278 Cratini
750 2238 801 2278 fr.
835 2239 920 2278 303
954 2238 1062 2279 citat
1092 2238 1157 2278 Bl.

275 2307 340 2346 Fr.
375 2307 444 2356 23,
478 2306 517 2346 3.
566 2306 628 2346 Cf.
672 2306 823 2346 Kockii
871 2307 988 2347 nota.
1032 2307 1096 2347 Bl.
1148 2306 1387 2357 „Similiter
1428 2315 1510 2347 nos
1555 2306 1743 2347 dicimus
1782 2316 1810 2346 a
1849 2315 2038 2354 nanny

332 2374 503 2423 goat''.
537 2374 654 2424 Quae
685 2375 813 2424 plane
844 2374 1027 2415 fortuita
1051 2377 1121 2416 est
1146 2375 1408 2427 similitudo,
1437 2385 1517 2415 nec
1537 2375 1775 2425 quidquam
1804 2382 2039 2414 commune

332 2442 462 2482 habet
508 2452 608 2481 cum
656 2453 813 2491 graeco
859 2443 1035 2483 nomine
1083 2442 1280 2482 Νάννιον.
1327 2443 1409 2484 Pro
1457 2442 1575 2498 Λύκᾳ
1617 2443 1766 2484 nescio
1812 2451 1890 2483 cur
1925 2441 2039 2483 coni·

331 2510 416 2549 ciat
451 2509 608 2548 Λυκίδι.
644 2532 697 2539 -
730 2510 804 2551 Vs.
837 2512 876 2551 4.
911 2511 1006 2551 Non
1039 2511 1156 2551 male
1189 2511 1306 2551 idem
1338 2510 1476 2564 παγίσι
1507 2517 1585 2551 τῶν
1616 2509 1731 2551 νέων.

276 2576 340 2615 Fr.
377 2579 444 2617 26.
489 2575 531 2616 ἐν
572 2579 652 2624 τοῖς
695 2577 856 2629 ἰχθύσιν
897 2578 1074 2629 supplet
1114 2579 1198 2628 BL,
1232 2579 1344 2628 quod
1376 2589 1700 2629 supervacuum
1731 2579 1846 2619 foret
1876 2577 2037 2618 addita·

331 2646 544 2684 mentum.
581 2667 633 2674 -
668 2644 739 2686 Vs.
783 2647 808 2685 2
851 2648 995 2686 tentat
1026 2646 1388 2696 improbabiliter.
1433 2647 1640 2697 Speciosa
1685 2646 1925 2688 admodum
1971 2646 2041 2686 est

335 2712 485 2751 Kockii
519 2713 781 2753 coniectura.

276 2779 345 2818 Vs.
382 2781 449 2819 29.
484 2777 613 2827 ἀτελὲς
645 2778 698 2819 δὲ
730 2780 895 2820 δεῖπνον
928 2791 1016 2822 non
1049 2781 1166 2822 male
1200 2782 1263 2822 Bl.

277 2848 340 2887 Fr.
375 2849 443 2887 30.
483 2851 517 2887 1.
562 2847 758 2898 Cogitavi
807 2849 1039 2898 aliquando
1086 2850 1139 2889 de
1185 2849 1417 2890 scribendo
1464 2849 1594 2907 μυρίῳ
1621 2849 1628 2902 Ι
1656 2844 1803 2901 ,olym
1829 2846 1924 2900 xvi„
1960 2848 2038 2889 sed

333 2916 437 2954 nihil
471 2917 747 2956 mutandum.
791 2917 855 2956 Bl.
889 2917 962 2957 cst.
1004 2915 1076 2971 ὅλῃ
1107 2916 1226 2972 μοίρᾳ
1258 2917 1371 2967 apud
1404 2917 1799 2958 Pseudolucianum
1832 2918 1875 2958 iu
1909 2917 2038 2958 Amo·

336 2984 453 3021 ribus
501 2985 568 3023 27.
614 3007 657 3011 -
710 2984 783 3024 Vs.
833 2985 874 3024 9.
932 2981 1023 3023 ὡσεὶ
1070 2981 1113 3023 δὲ
1158 2982 1362 3037 προσέχων
1406 2985 1523 3026 idom
1570 2988 1616 3026 et
1661 2985 1703 3025 in
1752 2984 2039 3026 Addondlfl

333 3049 461 3099 ὥσπερ
495 3064 550 3097 τε,
584 3061 678 3090 raro
711 3051 792 3090 sibi
831 3054 1055 3091 constans.
1093 3074 1142 3080 —
1182 3051 1253 3092 Vs.
1292 3052 1345 3092 10
1370 3062 1434 3101 8ο.
1469 3052 1683 3093 Headlam
1716 3054 1883 3094 tentat:

651 3116 811 3168 ἔκρουσε
844 3119 1084 3158 πουλύπουν
1114 3114 1184 3158 τιν’
1225 3114 1346 3170 <,εἷτ’
1381 3117 1661 3171 dumhere>

653 3185 667 3198 ”
703 3185 717 3198 “
751 3181 791 3234 ,ὃ
824 3181 859 3224 δ’
897 3183 1123 3237 ἐπρήσθην,
1153 3184 1218 3225 καὶ
1250 3182 1322 3226 τότ’
1358 3185 1407 3227 οὗ
1439 3189 1571 3227 λαλῶν
1602 3186 1674 3227 ὅλα
1704 3186 1777 3228 uti.

334 3254 510 3290 vertens
543 3253 636 3291 but
667 3253 815 3292 what
847 3253 1159 3294 infuriates
1191 3264 1288 3304 me,
1332 3254 1444 3303 quod
1477 3255 1652 3304 quidem
1684 3265 1891 3305 graecum
1938 3264 2037 3296 esse
