2216 3522
1087 211 1170 251 146

303 344 486 383 laterem
517 340 713 380 lavare.”
747 339 805 379 At
837 348 913 379 cur
944 338 1079 387 igitur
1109 338 1191 377 has
1221 337 1374 377 sordes
1401 339 1449 378 ut
1474 338 1711 388 genuinam
1739 341 2013 384 Philemonis

305 410 456 461 poesin
488 408 683 457 recepit?

364 478 425 517 De
456 477 508 516 fr.
545 475 778 515 112—116
812 473 928 523 vide,
963 473 1002 512 si
1032 472 1147 512 tanti
1178 473 1265 522 est,
1298 472 1362 512 BL
1395 482 1436 522 p.
1473 474 1569 514 187.

248 547 314 586 Fr.
352 546 447 594 116,
482 546 522 583 4.
556 543 638 583 Pro
672 543 754 583 hoc
782 552 912 582 versu
946 540 1219 581 Studemund
1259 540 1304 580 in
1341 541 1434 581 Ind.
1465 541 1566 583 lect.
1596 542 1746 584 Vratis
1775 544 1804 585 l.
1827 555 1867 586 a.
1898 547 2011 588 1887

305 614 425 654 dedit
455 613 661 661 quattuor
691 611 845 650 hosce:

572 679 751 728 πλεύσω,
782 677 988 728 φυτεύσω,
1020 675 1215 727 κτήσομαι
1252 674 1466 724 <πολλοὺς
1496 674 1704 729 ἀγρούς>,

573 747 642 787 τὸν
674 750 805 798 τοῖχον
835 744 934 797 ἄρας
965 744 1122 797 πύργον
1154 742 1316 795 ὑψηλὸν
1347 744 1508 796 βαλῶ,

573 814 930 867 προσοικοδομήσω
961 811 1008 853 τὰ
1039 807 1293 864 παρακείμεν’
1327 810 1616 866 ἀγοράσων.

573 882 823 936 λογιζόμενος
853 878 984 922 τοῦτ’
1019 879 1228 921 ἀπέθανεν
1260 878 1388 933 μηδὲν
1404 882 1446 928 (1)
1476 887 1617 922 ποιῶν.

307 953 391 992 Ubi
422 951 526 1002 μάλα
558 954 600 992 et
633 949 921 1003 προσαγοράσω
963 949 1155 991 correxit
1183 949 1422 990 Jernstedt.
1460 950 1647 1000 Insuper
1676 946 1779 991 ταῦτ’
1813 952 1909 1004 lege
1937 964 2016 1005 pro

306 1017 421 1059 τοῦτ’.
453 1020 668 1059 Vidistine
698 1029 894 1068 unquam
925 1018 1096 1069 peiores
1127 1018 1314 1058 versus?

367 1088 520 1128 Kockii
551 1087 823 1127 adnotationi
855 1086 908 1126 ad
941 1096 1005 1126 vs.
1042 1088 1062 1126 1
1106 1085 1258 1126 Nauck
1291 1087 1393 1126 ante
1425 1085 1559 1126 verba
1590 1085 1760 1127 Πλάτων
1789 1086 1864 1128 mi.
1895 1089 2016 1131 addit

310 1166 393 1206 „ex
424 1154 740 1205 Theophylacti
773 1154 1045 1194 Simocattae
1076 1153 1212 1204 Epist.
1245 1154 1347 1193 853⁹
2112 1198 2133 1218 Ρ

251 1224 317 1263 Fr.
355 1224 452 1273 118,
487 1223 527 1262 2.
575 1220 671 1269 ἕξεις
706 1244 759 1251 -
792 1219 914 1261 πλέον
954 1223 1073 1262 recte
1115 1221 1180 1261 Bl.
1219 1222 1264 1260 et
1295 1230 1471 1261 mecum
1513 1208 1566 1319 τῇ
1607 1222 1747 1272 ζητεῖν.
1790 1223 2015 1277 Ceterum,
2073 1185 2175 1319 Ns

309 1293 357 1331 ut
388 1291 515 1340 olim,
549 1290 630 1330 hos
663 1300 818 1330 versus
849 1289 1103 1329 comoediae
1135 1288 1347 1329 abiudico.

251 1360 316 1399 Fr.
355 1359 450 1408 119,
485 1359 510 1397 3
543 1368 607 1407 sq.
641 1357 834 1407 Philyllii
865 1357 918 1398 fr.
954 1358 1024 1407 20,
1058 1358 1084 1397 3
1118 1357 1193 1397 cft.
1225 1356 1291 1397 Bl.
1700 1374 1707 1380 ·

251 1428 317 1467 Fr.
357 1427 450 1476 120,
485 1427 526 1466 3.
558 1432 631 1481 χρῇ
672 1436 749 1476 pro
788 1423 858 1479 δὲῃ
889 1427 1064 1475 propter
1095 1425 1320 1474 synizesin
1351 1424 1416 1464 Bl.
1446 1447 1499 1453 —
1533 1425 1608 1466 Vs.
1637 1426 1677 1466 4.
1706 1424 1756 1466 οὐ
1782 1424 2014 1480 φεισόμεσθ’

309 1498 386 1534 aut
417 1493 465 1533 οὐ
498 1489 721 1543 παυόμεσθ’
756 1503 856 1533 cum
888 1493 1019 1542 plena
1050 1492 1405 1543 interpunctione
1437 1493 1568 1533 idem.

252 1562 316 1602 Fr.
356 1562 452 1611 122,
472 1562 511 1601 2.
545 1561 629 1601 Cft.
662 1561 845 1611 Ephipp.
884 1562 950 1611 13,
978 1561 1003 1600 3
1031 1560 1096 1601 Bl.
1117 1583 1170 1589 —
1188 1561 1263 1601 Vs.
1283 1562 1324 1601 3.
1352 1560 1478 1601 Metri
1505 1571 1639 1602 causa
1665 1562 1820 1603 malim
1836 1561 2021 1617 κρόμμυ’,

308 1627 409 1677 ὄξος.
443 1629 802 1678 Interpunctione
833 1629 953 1668 enim
980 1638 1144 1678 pravus
1170 1629 1285 1669 ictus
1309 1630 1539 1678 anapaesti
1566 1629 1752 1670 minime
1767 1633 2019 1684 excusatur,

308 1699 358 1737 ut
389 1699 516 1747 putat
537 1697 625 1747 BL,
659 1697 749 1737 imo
781 1697 926 1746 magis
958 1697 1094 1737 etiam
1122 1697 1316 1737 offendit.

250 1766 317 1805 Fr.
356 1767 451 1815 123,
486 1766 525 1806 3.
559 1765 740 1815 Propter
771 1766 1020 1815 correptum
1052 1765 1144 1805 iota
1174 1767 1327 1805 contra
1353 1765 1629 1805 scenicorum
1656 1767 2021 1810 consuetudinem

309 1834 475 1873 conieci
502 1838 657 1884 συνῆκα
685 1843 761 1882 pro
788 1832 972 1884 συνίημι,
997 1834 1043 1873 et
1068 1833 1133 1873 sic
1149 1833 1214 1873 Bl.
1233 1832 1317 1873 Sed
1334 1833 1388 1873 cf.
1405 1843 1540 1883 supra
1555 1842 1654 1883 pag.
1676 1833 1760 1873 130
1776 1834 1831 1875 ad
1846 1834 1900 1875 fr.
1918 1835 2020 1878 255.

252 1902 319 1941 Fr.
362 1902 452 1951 124,
492 1902 527 1940 1.
562 1899 676 1948 ἐξιὼν
703 1900 709 1951 Ι
738 1899 928 1952 γυναικὸς
955 1898 1030 1940 κτὲ.
1061 1901 1250 1941 fortasse
1281 1902 1398 1941 recte
1430 1900 1674 1951 Markland,
1704 1911 1833 1950 quem
1859 1902 2021 1945 iniuria

310 1968 471 2008 refellit
504 1968 644 2018 Kock,
687 1969 837 2009 dicens
868 1970 931 2009 ita
962 1967 1136 2017 ἐξελθὼν
1167 1969 1341 2018 requiri.
1383 1969 1561 2008 Poterat
1597 1968 1716 2008 enim
1748 1968 1880 2010 homo
1912 1970 2020 2012 haec

311 2047 446 2086 aeque
478 2036 586 2076 bene
614 2036 760 2077 videre
786 2037 966 2077 domum
994 2037 1224 2087 egrediens
1250 2039 1382 2086 atque
1407 2046 1626 2085 egressus.
1653 2035 1858 2077 Ceterum
1885 2038 2021 2080 incer-

310 2107 405 2144 tum
448 2106 533 2154 est,
578 2106 727 2144 utrum
769 2105 839 2145 hic
878 2116 1029 2146 verum
1069 2106 1228 2146 viderit
1268 2115 1323 2145 an
1366 2104 1511 2154 Kock;
1553 2105 1627 2154 qui
1665 2105 2020 2155 ingeniosissime

311 2172 478 2221 reliqua
508 2173 712 2213 tentavit.

253 2240 319 2280 Fr.
358 2241 454 2290 128,
491 2242 527 2279 1.
562 2240 715 2280 Merito
745 2243 1002 2291 suspectum
1034 2235 1065 2280 ὦ
1096 2238 1225 2293 γέρον.
1256 2240 1407 2281 Possis
1438 2234 1470 2279 ὦ
1500 2245 1572 2279 τᾶν
1606 2240 1675 2280 vel
1707 2236 1913 2292 ὤνθρωπ’,
1942 2242 2020 2284 sed

309 2308 496 2347 fortasse
528 2309 692 2347 rectius
723 2309 997 2349 Studemund
1029 2309 1100 2348 his
1129 2308 1286 2349 deletis
1312 2308 1487 2359 supplet
1512 2306 1678 2360 γέροντα
1705 2307 1990 2362 <πενιχρὸν>.
2057 2324 2067 2330 ·

253 2377 320 2416 Fr.
359 2376 455 2415 130.
488 2375 570 2415 Pro
601 2376 939 2427 Comparatione
971 2378 1081 2418 Men.
1115 2379 1160 2418 et
1192 2377 1302 2417 Phil.
1335 2377 1561 2417 citandum
1598 2376 1735 2417 fuisse
1766 2377 1901 2418 Anth.
1926 2377 2020 2419 Pal.

312 2443 371 2482 1X
414 2444 500 2483 4130
543 2445 715 2485 monuit
755 2445 919 2485 Nauck.
955 2468 1008 2474 —
1043 2445 1262 2495 virgulam
1306 2446 1407 2494 post
1446 2441 1588 2495 ἄνδρες
1625 2443 1759 2484 deleri
1790 2444 1924 2485 iussit
1953 2445 2019 2487 Bl.

312 2513 370 2550 At
401 2512 463 2550 ita
494 2509 636 2560 ἄνδρες
668 2513 860 2561 pessime
892 2513 1147 2553 abundaret.

256 2578 322 2617 Fr.
363 2579 457 2627 131,
496 2581 530 2618 1.
575 2578 935 2620 coniecturarum
978 2590 1213 2620 numerum
1245 2579 1478 2620 infeliciter
1509 2581 1641 2629 auget
1673 2580 1756 2630 BL,
1788 2581 1909 2621 recte
1938 2580 2020 2622 for-

312 2649 430 2684 tasse
466 2656 527 2685 vs.
562 2646 586 2684 2
620 2646 872 2695 praeferens
904 2646 1042 2687 αὐτοῦ.

257 2712 320 2751 Fr.
361 2713 456 2762 134,
492 2714 530 2752 3.
564 2718 721 2752 καπνοῦ
754 2716 883 2754 acute
915 2714 979 2754 Bl.

257 2780 319 2819 Fr.
359 2782 452 2830 136,
491 2782 525 2819 1.
559 2779 733 2832 εὐψυχία
765 2781 871 2822 olim
902 2792 983 2831 ego
1016 2782 1185 2831 tuebar,
1220 2792 1334 2822 nunc
1366 2782 1431 2823 Bl.

257 2848 320 2886 Fr.
360 2850 454 2898 139,
493 2851 527 2888 1.
561 2863 631 2887 του
664 2859 740 2898 pro
771 2854 842 2888 τοῦ
874 2852 992 2890 recte
1024 2849 1103 2900 BL,
1143 2850 1215 2899 qui
1247 2850 1438 2899 quinque
1469 2850 1579 2890 alias
1610 2851 1887 2892 coniecturas
1916 2848 2022 2893 suas

315 2916 473 2955 melius
507 2916 769 2957 reticuisset.

257 2982 320 3020 Fr.
360 2984 440 3022 140
472 2996 535 3032 sq.
570 2984 629 3024 De
662 2984 731 3024 his
761 2985 925 3025 rectius
958 2985 1154 3026 Meineke
1185 2985 1399 3026 iudicavit
1431 2996 1564 3035 quam
1597 2985 1733 3027 Kock.

257 3049 321 3088 Fr.
362 3052 456 3099 142,
491 3053 529 3090 2.
565 3052 793 3092 Sententia
823 3053 1041 3102 postulat:
1075 3053 1113 3092 τί
1142 3049 1178 3093 δ’
1215 3052 1294 3093 ἐστι
1325 3053 1498 3106 βουνός;
1529 3054 1659 3103 quid
1691 3063 1821 3094 vero
1852 3053 2019 3105 signi·

314 3117 458 3157 sicat
490 3118 721 3168 βουνός-’2
753 3130 830 3169 pro
862 3119 939 3167 τίς
970 3116 1074 3159 ἔσθ’
1110 3118 1131 3160 ὁ
1163 3120 1337 3172 βουνόςς

259 3184 321 3222 Fr.
364 3185 455 3233 143,
496 3187 528 3224 1.
573 3186 742 3235 χαλεπὸν
785 3186 982 3238 θεατὴς
1024 3191 1142 3229 recte
1173 3189 1241 3229 W.
1277 3190 1435 3239 Meyer,
1478 3188 1751 3239 Sltzungber.
1794 3188 1834 3229 d.
1878 3188 1930 3229 Κ.
1969 3187 2018 3230 Β.

316 3252 444 3290 Amul.
482 3263 519 3291 v.
554 3253 686 3293 Wiss.
726 3255 837 3294 1890
871 3255 909 3294 ΙΙ
943 3266 982 3306 p.
1016 3257 1116 3306 367,
1152 3260 1200 3296 ut
1232 3258 1403 3297 monuit
1434 3256 1598 3298 Nauck.
