2216 3522
91 3117 147 3245 2(

1074 186 1158 226 215

231 302 301 342 Fr.
349 302 436 342 882
492 303 567 344 οὐκ
622 303 957 358 ἐπιγλωττήσομαι
1012 309 1273 357 quantocius
1330 309 1574 351 delendum.
1633 313 1879 353 Permirum
1926 317 1993 355 est

290 369 525 422 Kockium,
558 372 858 424 Blaydesium,
892 375 1037 424 ipsum
1069 376 1311 415 Nauckium
1343 376 1493 417 fallere
1524 380 1719 427 potuisse
1750 381 1894 421 locum
1920 393 1991 422 no-

290 437 516 479 tissimum
547 439 620 481 Ar.
653 441 839 490 Lysistr.
873 442 953 482 37:

311 519 315 520 ⁷
556 506 646 560 περὶ
676 514 756 547 τῶν
787 510 971 560 Ἀθηνῶν
1003 506 1041 548 δ’
1077 509 1171 550 οὐκ
1202 509 1668 564 ἐπιγλωττήσομαι

556 580 740 615 τοιοῦτον
771 575 902 615 οὐδέν.

229 640 297 680 Fr.
331 641 416 681 886
462 652 551 682 non
597 642 755 684 comici
801 644 878 684 sed
926 645 1153 694 scriptoris
1198 646 1414 696 pedestris
1460 657 1557 686 esse
1604 648 1799 687 ostendit
1843 649 1991 690 Nauck

290 707 319 748 1.
336 707 364 747 l.
396 718 437 758 p.
476 709 573 750 137.

229 773 299 814 Fr.
332 775 432 816 888.
465 777 688 818 Menandri
719 779 771 819 fr.
805 779 905 829 462,
943 780 993 819 11.
1028 778 1349 832 ὑποβινητιῶντα
1380 780 1568 833 βρώματα
1599 782 1672 821 cst.
1704 782 1905 831 BlaydeS.

231 841 299 896 Fr.
333 842 432 883 890.
467 844 562 885 Vid.
595 845 747 886 Nauck
779 846 806 887 l.
840 847 868 886 l.
901 858 941 896 p.
979 848 1076 887 160.

229 909 298 949 Fr.
332 910 432 951 893.
480 912 712 953 Manifesto
758 925 845 954 non
891 915 1139 955 defenditur
1183 916 1413 967 ποντοκύκη
1459 916 1563 969 γυνή
1605 920 1720 962 (vere
1761 918 1992 969 παντοκύκη

289 978 518 1030 Arcadius)
545 981 768 1021 vocabulis
794 982 1078 1035 ποντοφάρυγξ
1104 985 1148 1023 et
1172 982 1487 1036 ποντοχάρυβδις
1515 983 1686 1023 collatis
1704 985 1988 1033 aBlaydesio.

227 1044 296 1084 Fr.
329 1046 429 1086 896.
477 1047 665 1088 Prorsus
711 1049 907 1089 alienum
954 1052 1022 1090 est
1068 1051 1191 1089 δικῶν
1231 1051 1484 1103 γυργαθούς,
1525 1051 1748 1100 Aristoph.
1791 1052 1843 1091 fr.
1888 1053 1987 1102 217,

287 1114 401 1161 quod
433 1118 658 1164 comparat
690 1116 755 1156 Β1.

228 1178 297 1219 Fr.
333 1180 433 1221 902.
467 1182 575 1222 Poll.
609 1183 712 1222 VIII
745 1184 816 1224 81.
849 1184 1091 1236 Σκυρίαν
1123 1184 1280 1237 δίκην

346 1245 612 1299 ὀνομάζουσιν
653 1250 692 1290 οἱ·
731 1251 1137 1307 κωμῳδοδιδάσκαλοι
1177 1251 1249 1303 τὴν
1290 1255 1490 1305 τραχεῖαν,
1522 1250 1573 1303 ἣν
1605 1253 1647 1292 οἱ
1674 1253 1989 1306 φυγοδικοῦντες

279 1313 528 1366 ’ἐσκήπτοντο
570 1316 624 1364 εἰς
663 1319 829 1370 Σκῦρον
875 1316 901 1370 ἢ
949 1318 1003 1366 εἰς
1050 1322 1223 1371 Λῆμνον
1270 1317 1503 1371 ἀποδημεῖν.
1550 1321 1669 1360 Haec
1714 1331 1799 1360 non
1846 1322 1989 1370 magis

287 1382 495 1433 intellego
541 1395 673 1433 quam
718 1385 925 1436 BlaydeS,
979 1388 1102 1426 cuius
1147 1389 1299 1427 tamen
1344 1388 1539 1428 violenta
1583 1388 1831 1428 coniectura
1876 1388 1989 1440 πρό-

288 1460 453 1499 φασιν
500 1453 649 1501 aperte
695 1453 804 1493 nihil
845 1452 1081 1504 proficitur,
1124 1455 1224 1503 quia
1269 1456 1364 1504 ipsa
1405 1455 1495 1506 δίκη
1535 1465 1621 1495 non
1661 1455 1802 1503 potuit
1843 1456 1990 1494 vocari

286 1520 557 1566 praetextus.
601 1520 874 1560 Sententiam
915 1522 1075 1561 misere
1115 1523 1340 1562 turbatam
1380 1533 1477 1563 esse
1510 1523 1665 1563 docent
1698 1523 1872 1562 Macarii
1905 1523 1987 1562 loci

286 1584 347 1623 IV
379 1586 448 1625 76.
485 1587 553 1637 77,
586 1597 694 1636 quos
726 1588 848 1627 Kock
879 1589 1028 1628 attulit
1060 1589 1124 1628 III
1155 1600 1253 1639 pag.
1287 1591 1356 1630 71.
1390 1590 1483 1629 Nisi
1507 1590 1647 1640 fallor,
1680 1600 1767 1637 non
1799 1590 1988 1629 Pollucis

287 1653 358 1691 est
397 1656 599 1705 τραχεῖαν,
636 1655 712 1694 sed
753 1655 1078 1704 interpolatoris
1110 1657 1377 1697 adiectivum
1409 1657 1576 1709 σκυρίαν
1608 1658 1673 1697 sic
1704 1658 1986 1706 interpretan-

287 1719 348 1758 tis
390 1719 458 1765 (cf.
499 1719 543 1760 τὸ
585 1726 734 1774 σκῦρον
761 1737 816 1753 =
844 1723 998 1774 λατύπη
1040 1725 1084 1763 et
1115 1723 1259 1775 σκυρός
1286 1740 1341 1755 =
1370 1724 1555 1777 σκιρρός).
1598 1725 1801 1764 Fortasse
1832 1724 1988 1763 Pollux

287 1787 467 1828 dederat
520 1787 593 1839 τὴν
637 1789 853 1841 <δίκην>,
913 1787 965 1841 ἣν
1010 1790 1052 1830 οἱ
1095 1792 1408 1843 φυγοδικοῦντες
1448 1790 1543 1843 κτὲ.,
1589 1789 1772 1842 litem,
1826 1802 1986 1840 quam

287 1855 386 1904 qui.
421 1855 725 1906 fugiebant
765 1858 1192 1907 praetexebant
1223 1861 1304 1899 etc.

227 1923 296 1963 Fr.
330 1923 430 1963 939.
462 1924 751 1964 Probabiliter
782 1923 1110 1978 ἀντιπελάργησις
1142 1927 1329 1966 coniecit
1359 1927 1423 1966 Β1.

225 1991 294 2031 Fr.
327 1992 427 2031 946.
467 1992 628 2032 Utrum
654 1994 936 2042 praeferenda
961 1995 1021 2034 sit
1045 1995 1324 2044 grammatici
1350 1995 1393 2034 in
1419 1994 1603 2034 Bekkeri
1620 1993 1843 2033 anecdotis
1858 1993 1986 2032 lectio

283 2056 652 2111 ἀποκραιπαλισμός
683 2071 739 2100 an
773 2061 929 2101 Suidae
962 2062 1069 2107 (cod.
1103 2065 1154 2108 A)
1187 2059 1662 2113 ἀποκεκραιπαλισμένος,
1696 2060 1807 2108 quod
1833 2059 1987 2109 probat

284 2126 370 2177 BL,
418 2137 548 2167 nemo
594 2129 847 2168 mortalium
889 2130 999 2169 scire
1045 2131 1202 2178 potest.
1251 2129 1360 2179 Quia
1398 2130 1550 2168 tamen
1591 2129 1765 2178 propter
1803 2127 1986 2167 verbum

284 2193 475 2243 simplex
513 2198 736 2247 κραιπαλᾶν
769 2197 1052 2236 verisimilius
1088 2198 1157 2236 est
1189 2197 1482 2245 compositum
1514 2195 1650 2234 fuisse
1681 2193 1985 2245 ἀποκραιπαλᾰν

285 2263 362 2301 aut
416 2260 794 2315 ἀποκραιπαλησμός
843 2264 922 2310 (sic
963 2264 1102 2314 Kock,
1146 2265 1241 2303 sine
1291 2273 1424 2302 causa
1465 2262 1741 2312 improbante
1783 2261 1861 2307 Β1.)
1909 2262 1986 2300 aut

283 2326 729 2381 ἀποκεκραιπαλημένος
759 2331 1000 2380 genuinum
1033 2341 1130 2370 esse
1162 2331 1362 2370 arbitror.

226 2395 294 2435 Fr.
327 2396 427 2437 949.
460 2394 727 2450 ἁρπαξάμιλος
754 2409 830 2448 pro
856 2398 989 2449 -μίλης
1015 2409 1117 2438 vere
1143 2398 1310 2448 Nauck,
1339 2397 1435 2437 coll.
1459 2396 1660 2447 εὐόμιλος,
1685 2395 1982 2447 εὐπροσόμιλος.

226 2463 294 2503 Fr.
338 2464 438 2504 953.
495 2462 773 2518 ἀσπακάζομαι
823 2464 1167 2516 (ἀσπαπάζομαιῖ)
1215 2475 1292 2514 pro
1338 2462 1562 2515 ἀσπάζομαι
1608 2464 1721 2513 apud
1767 2463 1982 2503 comicum

283 2532 432 2572 nescio
463 2543 593 2581 quem
626 2534 814 2574 fortasse
846 2535 986 2574 dicere
1018 2534 1237 2583 putandus
1273 2534 1341 2572 est
1372 2532 1525 2572 balbus
1557 2533 1633 2571 aut
1663 2531 1808 2570 ebrius
1839 2530 1984 2570 balbu-

282 2599 416 2650 tiens,
450 2601 601 2649 quales
631 2602 870 2642 introducit
900 2602 1097 2641 Plautus.

226 2666 294 2706 Fr.
327 2667 427 2707 957.
470 2667 555 2708 Cur
595 2669 659 2709 Β1.
701 2669 971 2721 βαμβακύζειν
1013 2669 1231 2718 (Hippon.)
1274 2667 1433 2707 melius
1470 2668 1631 2707 iudicet
1661 2678 1794 2716 quam
1826 2668 1981 2719 βαμβα-

283 2734 413 2781 λύζειν
444 2736 592 2782 (Bekk.
625 2738 723 2783 An.)
757 2737 915 2777 vellem
948 2737 1226 2786 explicasset.
1259 2736 1467 2784 Equidem
1500 2736 1671 2775 collatis
1703 2735 1856 2775 formis
1881 2736 1981 2787 βαμ-

282 2801 438 2853 βαίνειν
478 2805 523 2843 et
561 2804 802 2856 βαμβάλλειν
843 2805 987 2854 potius
1033 2805 1084 2843 de
1131 2804 1298 2843 formae
1345 2803 1684 2852 Hipponacticae
1730 2803 1981 2842 sinceritate

284 2870 537 2922 dubitarim,
572 2882 671 2912 cum
703 2873 964 2922 praesertim
995 2871 1223 2923 βάμβακυς,
1254 2869 1494 2922 βαμβακεία,
1524 2869 1821 2921 βαμβακεύτρια
1847 2870 1980 2909 notio·

282 2948 363 2978 nes
393 2938 586 2979 habeant
615 2940 743 2989 longe
775 2940 986 2979 diversas.

225 3006 292 3046 Fr.
326 3007 427 3046 946.
459 3006 638 3059 βούχρως
665 3022 733 3054 τις.
759 3007 822 3047 Β1.
849 3007 1076 3059 βούρωστος
1100 3006 1169 3046 vel
1186 3005 1405 3057 βούρωμος.
1425 3005 1570 3044 Satius
1590 3006 1658 3044 est
1674 3014 1760 3044 non
1778 3006 1978 3053 tangere!

226 3073 293 3113 Fr.
326 3074 425 3113 969.
466 3080 594 3128 <τῷ>
630 3073 779 3125 σώματι
810 3084 866 3113 ex
898 3074 1118 3123 Hesychio
1151 3072 1325 3122 supplet
1356 3072 1418 3112 Β1.

225 3143 293 3183 Fr.
338 3121 436 3210 98st.
485 3141 741 3192 διεψάθαλλε.
797 3142 975 3182 Praeter
1030 3141 1222 3190 Simplex
1270 3140 1322 3179 cf.
1370 3137 1695 3189 ἀναψαθάλλειν,
1749 3138 1982 3188 ψαλάττειν,

284 3208 598 3260 ὑποψαλάττειν,
627 3211 824 3260 ψηλαφᾶν
857 3211 938 3249 etc.
