2216 3522
1109 211 1165 251 22

321 335 603 375 Homericum
649 334 771 383 Ηφια
818 336 922 384 μῆλα
963 343 1029 373 vs.
1077 334 1126 373 17
1171 343 1197 373 a
1236 332 1488 373 coniciendo
1533 343 1651 373 <τε>
1695 329 1763 371 καὶ
1801 331 2023 372 deterrere

320 402 540 442 debuerat.

263 469 329 508 Fr.
362 470 432 509 66.
466 469 575 509 Male
605 469 669 509 Bl.
702 467 995 519 ἀπεδημηκότες
1027 470 1173 508 tuetur
1215 467 1531 507 diversissimis
1562 466 1779 518 exemplis
1810 464 2023 519 ἔγλυμμαι,

319 536 515 586 εἴλημμαι.
547 537 680 577 Recte
710 536 924 576 iudicavit
954 535 1088 576 Kock.

263 605 330 645 Fr.
363 604 432 653 68,
474 605 513 643 2.
560 603 773 654 μόνοισι
818 599 854 642 δ’
905 601 1163 655 ὑπαγωγεῦσι
1203 604 1284 649 τοῖς
1325 600 1452 641 αὑτοῦ
1493 600 1655 653 τρόποις
1686 600 1773 652 BL,
1806 596 2020 653 ὑπαγωγέα

321 674 613 722 interpretans
640 672 834 722 lorum,
868 681 954 720 quo
981 680 1112 711 canes
1129 670 1362 710 ducuntur.
1391 669 1629 710 Commode
1656 679 1784 719 sane,
1811 667 1942 709 modo
1968 666 2023 707 de

320 740 399 779 hac
455 739 651 778 vocabuli
707 739 884 779 notione
939 740 1176 779 constaret.
1234 738 1293 778 At
1347 739 1465 778 recte
1510 737 1785 787 Hesychium
1830 734 2022 776 scribere

323 806 565 858 ὑπαγωγεύς·
596 806 695 857 πρὸς
726 807 910 846 πλίνθων
947 804 1165 856 οἰκοδομὴν
1196 804 1321 856 πηλός
1354 806 1420 852 (de
1452 815 1537 855 quo
1568 805 1633 845 Bl.
1665 804 1852 851 dubitat)
1883 802 2022 854 liquet

321 886 344 915 e
376 875 503 914 titulo
537 874 627 914 CIA
664 874 722 913 IV
754 875 779 914 2
812 885 851 924 p.
890 869 1279 914 198=Dittenb.²
1310 873 1410 924 587,
1445 874 1515 914 31.

262 943 329 982 Fr.
362 943 431 982 69.
465 942 570 982 Ellis
601 953 667 992 ap.
700 942 763 982 Bl.
797 953 836 991 p.
871 943 975 982 289:
1010 941 1165 989 ξύνεστι
1190 939 1265 994 γὰρ
1293 939 1422 997 δέσμῳ
1448 937 1520 991 μὲν
1545 939 1766 991 (δεσμοῖσιν
1782 939 1862 987 Bl.)
1889 937 2022 987 οὐδεὶς
2087 970 2090 974 .

320 1009 459 1049 οὐδενί
486 1005 683 1060 (οἰδαμοῦ
715 1010 810 1056 ΒΙ.).

260 1076 325 1117 Fr.
360 1078 429 1127 71,
477 1076 572 1117 Vid.
620 1076 774 1116 Kockii
820 1076 951 1127 coni.,
994 1086 1128 1126 quam
1171 1086 1258 1116 non
1299 1075 1561 1125 intellegens
1597 1075 1691 1124 ipse
1721 1074 1927 1125 proposui
1962 1070 2022 1114 οὗ

316 1142 686 1196 κατειλωτισμένην
722 1166 771 1172 -
801 1136 1163 1196 σἐσαλωκισμένηη
1207 1154 1310 1184 cum
1350 1143 1715 1194 interrogatione,
1764 1141 1863 1183 coll.
1903 1141 2022 1183 Suid.

316 1222 351 1252 s.
386 1222 425 1252 v.
457 1210 820 1263 κατειλωτισμένος,
850 1222 984 1262 quam
1016 1213 1315 1252 coniecturam
1347 1211 1557 1261 ignorans
1589 1211 1654 1252 Bl.
1681 1221 1798 1251 nunc
1821 1209 2024 1262 proponit

318 1280 464 1319 minus
496 1282 612 1320 recte
642 1278 708 1319 καὶ
739 1278 1107 1331 κατειλωτισμένην.

259 1348 324 1387 Fr.
359 1348 428 1387 75.
457 1348 857 1398 Schweighaeuser,
891 1359 991 1388 vere
1024 1349 1218 1389 correxit
1248 1346 1452 1387 σύνδετον.
1484 1346 1577 1386 Non
1609 1346 1839 1396 neglegere
1870 1345 2023 1386 debue-

318 1418 383 1454 rat
426 1415 546 1455 Kock
586 1416 753 1456 fontem
799 1416 1123 1456 emendationis
1169 1415 1436 1465 Antiphanis
1482 1414 1534 1454 fr.
1571 1415 1674 1465 110,
1717 1414 1832 1463 quod
1871 1413 2024 1455 eodem

319 1483 533 1522 Athenaei
566 1483 660 1523 loco
692 1483 854 1532 legitur
885 1494 921 1523 s.
953 1483 1040 1524 litt.
1074 1494 1109 1524 c.

260 1552 326 1591 Fr.
361 1551 430 1591 77.
463 1550 596 1591 Recte
627 1551 690 1591 Bl.
734 1551 898 1592 Kockio
938 1551 1112 1602 obiecit,
1156 1551 1195 1591 si
1231 1550 1450 1591 comicum
1485 1548 1746 1600 figmentum
1777 1552 1899 1591 esset
1927 1548 2025 1602 ἀνή-

318 1618 455 1667 δομαι,
485 1618 618 1658 scribi
650 1618 855 1658 debuisse
886 1616 1077 1669 ἀήδομαι.

260 1686 325 1725 Fr.
360 1686 428 1725 78.
462 1685 525 1725 Bl.
558 1686 632 1726 cft.
666 1686 962 1736 compositum
994 1686 1241 1736 διεψάθαλλε
1271 1686 1323 1726 fr.
1357 1686 1506 1736 adesp.
1541 1685 1642 1726 982.

262 1754 327 1792 Fr.
362 1754 430 1793 79.
477 1752 539 1792 De
584 1754 847 1794 attractione
888 1754 953 1794 Bl.
996 1756 1224 1804 praeterea
1271 1753 1345 1794 cst.
1388 1753 1465 1794 Od.
1507 1768 1541 1793 κ.
1578 1754 1675 1794 113.
1717 1754 1941 1805 Aristoph.
1972 1754 2026 1796 fr·

321 1821 422 1861 633.
456 1820 586 1870 Soph.
615 1821 683 1861 Ai.
717 1822 819 1862 488.

261 1888 328 1927 Fr.
364 1887 434 1927 80.
482 1887 545 1927 Bl.
595 1889 866 1938 transponit:
914 1887 989 1942 ἐγὼ
1025 1888 1179 1942 <γάρτ>
1211 1901 1284 1928 σου
1325 1887 1481 1940 ποιήσω
1527 1887 1698 1942 τήμερον
1735 1886 1742 1941 Ι
1779 1889 1937 1930 τύπτων
1969 1912 2024 1920 --

319 1954 617 2007 αἰμορρυγχιᾶν.

262 2023 328 2062 Fr.
362 2023 431 2072 82,
470 2023 522 2062 12
569 2023 803 2072 legendum
850 2024 956 2064 olim
1004 2025 1211 2075 proposui
1250 2021 1377 2065 τούκ
1419 2035 1496 2076 pro
1538 2022 1591 2064 ἐκ
1634 2024 1890 2076 Πεπαρήθου
1930 2025 2026 2067 scil·

321 2089 457 2140 νέκταρ
499 2093 580 2136 (vs.
627 2092 714 2141 10),
758 2092 901 2132 lenius
943 2094 987 2132 et
1027 2092 1187 2132 melius
1219 2103 1352 2142 quam
1384 2102 1500 2133 nunc
1530 2091 1597 2133 Bl.
1629 2091 1718 2132 τὸν
1754 2093 2028 2146 Πεπαρήθου,

320 2157 414 2197 scil.
441 2152 573 2211 οἶνον,
604 2159 717 2208 quod
748 2169 836 2199 non
870 2160 1030 2209 legitur
1062 2161 1107 2199 in
1139 2160 1314 2200 vicinia.

263 2256 446 2311 Myrtili
481 2259 532 2299 fr.
566 2262 606 2299 4.
670 2257 722 2306 ὡς
755 2253 827 2305 (ὧν
858 2259 978 2306 Lob.)
1010 2256 1032 2298 ὃ
1064 2257 1137 2310 μὲν
1166 2258 1354 2311 κλέπτης,
1383 2256 1406 2299 ὃ
1438 2256 1479 2299 δ’
1513 2259 1663 2313 ἅρπαξ,

671 2323 692 2365 ὃ
725 2322 760 2366 δ’
797 2324 1072 2378 ἀνάπηρος
1102 2326 1380 2379 πορνοβοσκὸς
1661 2319 1675 2331 ”

676 2399 923 2446 καταφαγᾶς.

320 2461 428 2511 Quia
474 2471 559 2501 non
601 2462 708 2501 certi
749 2462 926 2510 quidem
969 2462 1171 2502 homines
1211 2462 1451 2513 designari,
1493 2463 1569 2504 sed
1611 2474 1774 2514 genera
1813 2464 2029 2514 quaedam

321 2530 616 2579 improborum
659 2531 800 2570 notari
844 2531 1058 2579 videntur,
1098 2532 1352 2581 suspectum
1398 2531 1508 2571 mihi
1544 2532 1781 2572 admodum
1817 2534 1888 2573 est
1931 2530 2029 2573 ἀνά-

322 2611 467 2646 πηρος,
507 2598 618 2646 quod
658 2598 892 2638 emendare
935 2608 1102 2648 nequeo
1135 2599 1226 2644 (vix
1258 2599 1377 2639 enim
1409 2601 1563 2649 aptum
1594 2599 1808 2651 πονηρός);
1839 2599 2030 2642 fortasse

321 2664 678 2714 distinguendum
721 2661 743 2703 ὃ
786 2662 829 2703 δὲ
862 2694 944 2713 ...,
985 2665 1281 2717 πορνοβοσκός,
1321 2663 1669 2719 καταφαγᾶς--ὃ
1711 2664 1754 2707 δὲ
1777 2696 1875 2718 ....,
1923 2664 1946 2708 ὃ
1985 2665 2030 2708 δὲ

322 2731 613 2782 πορνοβοσκός,
643 2729 664 2770 ὃ
697 2729 738 2771 δὲ
770 2739 1023 2785 καταφαγᾶς,
1049 2733 1191 2782 qualis
1217 2733 1582 2783 breviloquentia,
1615 2736 1667 2775 ut
1690 2735 1890 2776 eiusdem
1906 2745 2030 2777 voca·
2086 2784 2089 2787 Δ

324 2799 410 2838 buli
444 2799 678 2839 identidem
711 2801 883 2850 repetiti
914 2801 1111 2845 satietati
1143 2804 1411 2852 occurratur,
1445 2811 1530 2842 non
1563 2804 1632 2842 est
1661 2802 1852 2843 insolita.

387 2868 761 2917 ΑΛΚΙΜΕΝΗΣ,
793 2869 1160 2918 Κολυμβῶσαι.
1187 2868 1393 2910 Delenda.
1422 2868 1518 2910 vid.
1546 2869 1715 2919 Nauck,
1735 2870 1832 2911 Mel.
1851 2870 1910 2911 VI
1930 2870 2027 2915 195.

267 2963 541 3009 Philonides
588 2968 637 3008 fr.
692 2970 756 3008 15.
815 2968 1006 3009 Hanovii
1059 2969 1267 3009 iudicium
1316 2970 1397 3010 hoc
1443 2970 1742 3020 fragmentum
1789 2971 1845 3012 ad
1888 2981 2029 3012 novae

323 3034 571 3074 comoediae
605 3039 779 3085 poetam
813 3036 1044 3077 referentis
1085 3036 1318 3078 confirmat
1349 3038 1524 3078 novicia
1555 3037 1698 3078 forma
1732 3037 1923 3087 δεδοικώς
1953 3049 2032 3090 pro

326 3101 486 3148 δεδιώς,
530 3113 660 3151 quam
708 3105 924 3154 participii
972 3104 1160 3145 {ormam
1208 3115 1309 3145 cum
1366 3104 1582 3146 infinitivo
1627 3104 1802 3146 δεδιέναι
1845 3108 2032 3158 usurpat

325 3172 454 3209 vetus
485 3172 723 3212 comoedia.
768 3172 899 3213 Recte
937 3175 1085 3214 autern
1120 3173 1316 3214 Meineke
1347 3183 1424 3224 pro
1454 3172 1622 3226 ἀνδρίας
1653 3174 1853 3224 reposuit
1883 3173 2030 3225 genui-

325 3246 428 3276 nam
459 3236 646 3278 {ormam
680 3237 877 3291 ἀνδρείας.
