2216 3522
1085 191 1169 230 219

243 311 312 351 Fr.
349 311 475 351 1226.
509 311 712 352 Nondum
744 323 816 353 me
846 314 1041 364 poenitet
1071 315 1370 364 proposuisse:

1346 378 1370 432 ἡ
1405 381 1588 433 Μιλησία

612 446 861 500 σμάραγδος,
891 446 1274 500 ἐμπολημάτων
1306 448 1636 499 τιμήστατον.

299 513 411 555 Nam
454 513 708 567 τιμηέστατον
748 517 866 556 dubii
907 518 975 556 est
1021 517 1247 557 atticismi.
1288 517 1347 557 Cf.
1382 517 1508 566 soph.
1544 517 1652 557 Phil.
1687 517 1772 556 984
1806 511 1836 555 ὦ
1867 523 2000 556 κακῶν

258 578 261 580 ’
299 581 456 621 κάκιστε
486 581 552 621 καὶ
583 582 906 633 τολμήστατε
938 587 982 624 et
1013 585 1169 624 Arcad.
1203 596 1241 635 p.
1278 586 1346 634 24,
1386 586 1461 633 11;
1497 585 1566 634 25,
1604 586 1679 633 18;
1714 585 1784 634 96,
1819 586 1858 624 6.

358 650 432 689 Sin
464 660 567 689 vero
599 651 791 691 comicae
823 661 979 691 musae
1009 651 1128 691 fetus
1160 653 1246 702 est,
1277 652 1472 700 requiro:

800 715 1076 769 ἐμπόλημα
1110 718 1446 770 τιμιώτατον.

299 784 503 824 Traditur
534 782 805 836 ἐμπόλημα
836 784 1206 837 τιμηέστατον.

238 853 306 892 Fr.
343 854 470 892 1242.
504 853 598 893 Vid.
632 853 802 903 Nauck,
836 854 933 894 Mel.
966 854 1025 893 VI
1056 864 1096 904 p.
1134 855 1230 896 135.

236 920 304 960 Fr.
343 921 470 960 1258.
502 921 637 961 Recte
670 921 831 970 Potter,
867 931 967 960 cum
999 921 1193 971 plerique
1226 922 1397 961 codices
1430 921 1618 961 habeant
1645 919 1801 973 ἀπέρρε,
1827 923 2002 972 scripsit

294 984 457 1037 ἄπερρε,
487 988 707 1027 indicante
738 988 946 1028 Nauckio.
981 989 1084 1028 Sero
1117 988 1250 1038 igitur
1280 988 1402 1028 venit
1432 988 1495 1027 Bl.
1528 988 1644 1027 idem
1676 990 1890 1037 repetens-

236 1054 304 1094 Fr.
342 1054 469 1094 1261.
501 1054 563 1094 De
596 1055 751 1094 Kockii
783 1057 888 1095 nota
920 1056 1005 1095 vid.
1039 1055 1190 1095 Nauck
1227 1055 1301 1095 l.l.

236 1121 303 1160 Fr.
340 1122 467 1162 1268.
500 1122 624 1162 Idem
656 1122 684 1162 l.
717 1122 746 1162 1.
783 1123 988 1172 „Legitur
1021 1123 1133 1163 Plut.
1167 1123 1219 1163 de
1250 1123 1354 1163 fluv.
1388 1124 1427 1171 3,
1462 1123 1501 1173 4,
1546 1123 1659 1162 unde
1692 1124 1872 1172 apparet
1903 1134 1999 1163 esse

297 1199 473 1229 versum
516 1191 829 1240 apocryphum.
872 1191 1077 1230 Traditur
1106 1189 1173 1229 καὶ
1203 1190 1287 1230 τότε
1317 1190 1510 1243 φρονήσει
1543 1189 1639 1229 ὅταν
1669 1201 1869 1242 εσηματην
1901 1205 1998 1243 φρο-

294 1262 388 1296 νῶν.
435 1257 712 1306 Legendum:
760 1257 828 1297 καὶ
873 1257 956 1297 τότε
1002 1258 1220 1310 φρονήσεις
1267 1261 1381 1305 (cum
1431 1259 1680 1308 salmasio),
1730 1257 1823 1297 ὅταν
1869 1257 1997 1313 ἀνῇς

297 1324 424 1375 μηδὲν
456 1326 663 1376 φρονῶν.”
1232 1327 1234 1329 ’

235 1391 304 1431 Fr.
342 1392 468 1433 1270.
502 1392 727 1433 Violenter
758 1394 905 1433 tentat
936 1394 1001 1434 Bl.
1036 1405 1075 1444 p.
1111 1395 1212 1434 277.

235 1459 304 1500 Fr.
341 1460 468 1500 1271.
504 1460 732 1509 Sophoclis
765 1462 835 1500 est
865 1461 917 1501 fr.
951 1462 1037 1501 686
1069 1456 1198 1501 ch.²

239 1528 308 1568 Fr.
346 1529 474 1568 1274.
508 1528 603 1568 Vid.
638 1528 788 1581 Nauck
820 1529 915 1568 Mel.
950 1528 1013 1576 VI,
1038 1539 1078 1578 p.
1116 1530 1212 1568 168.
1263 1528 1366 1568 Sine
1408 1539 1541 1568 causa
1581 1530 1627 1568 et
1659 1528 1875 1567 refutatus
1905 1537 1997 1566 ver-

293 1595 491 1636 sionibus
522 1596 674 1635 latinis
706 1606 773 1645 ap.
807 1596 1023 1635 Kockium
1054 1596 1119 1635 Bl.
1152 1594 1271 1648 ἐπῆρε
1303 1596 1486 1636 coniecit
1516 1606 1592 1646 pro
1623 1594 1761 1634 ἔπεισε.

241 1663 310 1704 Fr.
347 1665 473 1705 1292.
507 1664 672 1704 Iniuria
702 1664 819 1704 idem
852 1663 1037 1703 coniecit
1067 1659 1248 1715 ρῆξαί·μ’
1288 1662 1446 1704 <ἒάσον
1472 1664 1556 1710 (vel
1586 1661 1723 1709 ε’ἇτε)>
1753 1660 1820 1701 καὶ
1846 1661 1996 1714 φράσαι

294 1730 414 1784 λόγον
450 1731 632 1773 <τινά>.
660 1731 779 1771 Scire
805 1731 924 1771 enim
950 1731 1164 1780 pervelim
1195 1731 1296 1779 quid
1323 1732 1381 1770 sit
1411 1730 1526 1783 ῥῆξαι
1551 1730 1679 1783 λόγον.
1713 1730 1873 1769 Graece
1898 1730 1996 1769 dici-

293 1801 365 1838 tur
395 1798 591 1851 ρηγνύναι
619 1798 735 1850 βοήν,
766 1797 922 1848 φωνήν,
953 1798 1129 1838 similia.
1164 1799 1310 1848 Longe
1341 1798 1499 1838 melius
1531 1798 1726 1838 Meineke
1759 1798 1803 1836 et
1833 1796 1966 1836 Kock.

235 1867 303 1907 Fr.
343 1868 468 1907 1293.
502 1867 691 1916 Blaydes
717 1872 795 1905 τῶν
827 1869 919 1915 (pro
951 1864 1031 1912 καὶ)
1062 1865 1191 1917 λόγων
1219 1866 1365 1905 nescio
1391 1876 1446 1905 an
1474 1867 1609 1915 recte,
1637 1865 1712 1904 sed
1739 1864 1995 1914 improbabi-

292 1934 393 1974 liter
420 1932 462 1973 ἐν
490 1933 632 1986 λόγοις.
661 1934 866 1974 Fortasse
889 1933 1213 1982 corrigendum:
1242 1932 1536 1983 φοινικελίκτην
1552 1938 1629 1971 τῶν
1645 1931 1773 1984 λόγων
1789 1930 1997 1978 κάλαζόνα.

228 2002 300 2052 Fr.
338 2003 465 2042 1296.
499 2001 563 2042 Bl.
596 2006 683 2052 τῆς
716 1999 908 2048 emutuit.
941 2000 1035 2040 Non
1067 2001 1206 2049 male;
1250 2000 1379 2040 modo
1413 1998 1591 2047 ὑπαντάξ
1623 2010 1699 2049 pro
1730 1998 1862 2046 ε’πιτάξ
1894 2009 1997 2038 vera

293 2070 352 2109 sit
393 2068 543 2110 Cobeti
585 2069 853 2118 coniectura,
899 2068 1012 2116 quod
1053 2068 1163 2106 mihi
1196 2078 1282 2107 non
1313 2067 1464 2117 liquet.
1498 2066 1607 2116 Quia
1638 2069 1789 2106 tamen
1821 2066 1865 2105 in
1897 2066 1993 2113 Ety-

223 2161 230 2166 -
293 2136 509 2186 molegico
540 2134 674 2183 ἐπιτάξ
707 2135 956 2185 explicatur
986 2134 1209 2185 συντόμως,
1240 2135 1429 2174 fortasse
1461 2134 1785 2183 corrigendum:

1249 2201 1352 2248 ὅστις
1383 2207 1452 2252 τῆς
1485 2199 1582 2240 ὁδοῦ

651 2266 841 2321 ἡγήσεταί
870 2279 932 2308 σοι
963 2265 1103 2319 τῆσδ’
1140 2267 1286 2316 ἐπιτάξ.

234 2338 302 2377 Fr.
340 2338 465 2377 1300.
499 2337 614 2376 Ante
645 2336 863 2377 Kockium
896 2336 1088 2376 correxit
1119 2335 1333 2386 Duebner,
1370 2337 1418 2375 ut
1449 2336 1618 2375 monuit
1650 2335 1800 2375 Nauck
1831 2335 1904 2374 1.1.
1941 2357 1992 2363 —

292 2404 358 2444 Ab
392 2404 518 2444 initio
549 2401 658 2456 κάγὼ
691 2403 866 2453 supplet
896 2403 960 2443 Bl.

233 2471 300 2511 Fr.
347 2471 472 2511 1304.
505 2471 664 2511 Naberi
698 2472 972 2512 coniecturae
1005 2471 1202 2521 praefero
1234 2470 1523 2520 Kockianam,
1559 2470 1654 2510 coll.
1687 2469 1888 2509 Cratineo
1920 2469 1994 2509 illo

293 2535 314 2576 ὃ
342 2535 376 2577 δ’
410 2536 566 2589 ἠλίθιος
592 2536 644 2586 ὡς
675 2538 893 2591 προβάτιον
925 2537 986 2590 βὴ
1019 2537 1080 2590 βὴ
1111 2536 1272 2590 λέγων
1303 2537 1473 2589 βαδίζει,
1504 2539 1548 2577 et
1573 2536 1861 2576 subdubitans
1887 2546 1993 2575 num

290 2604 370 2657 βαὺ
411 2604 491 2656 βαὺ
533 2605 694 2657 βαύζειν
737 2608 814 2646 aut
857 2600 908 2645 αὗ
941 2600 993 2645 αὗ
1026 2604 1207 2645 ὑλακτεῖν
1239 2605 1488 2653 similiaque
1520 2606 1637 2644 recte
1669 2614 1822 2653 graece
1854 2604 1992 2643 dican-

291 2674 376 2712 tur.
396 2695 448 2702 -
468 2671 671 2713 Ceterum
689 2674 779 2714 iota
794 2674 925 2714 breve
942 2674 985 2713 in
1003 2672 1072 2719 ἱείς
1098 2673 1284 2712 fortasse
1312 2672 1469 2711 indicio
1497 2674 1564 2712 est
1590 2672 1671 2712 hoc
1696 2671 1992 2720 fragmentum

292 2750 318 2779 a
349 2740 572 2780 comoedia
598 2741 790 2781 alienum
828 2752 943 2791 esse,
979 2741 1074 2780 sive
1107 2740 1419 2790 iambographo
1456 2740 1521 2785 (de
1558 2750 1641 2787 quo
1672 2738 1993 2778 dubitabundus

292 2808 380 2847 iam
412 2808 623 2857 cogitavit
654 2809 862 2854 Meineke)
894 2810 987 2848 sive
1019 2808 1191 2848 fabulae
1222 2807 1438 2856 satyricae
1470 2807 1802 2847 adscribendum
1836 2808 1917 2845 est.

235 2876 300 2915 Fr.
338 2876 464 2915 1307.
497 2875 592 2916 Vid.
626 2876 776 2917 Nauck
808 2876 902 2916 Mel.
937 2876 995 2914 VI
1027 2887 1065 2925 p.
1105 2877 1200 2915 169.

235 2943 301 2982 Fr.
341 2943 466 2982 1308.
503 2940 609 2982 Οὐδὲ
639 2949 714 2995 γρῦ
747 2944 842 2983 sine
877 2953 1009 2983 causa
1041 2943 1103 2982 Bl.

231 3009 298 3049 Fr.
338 3010 463 3049 1312.
495 3010 683 3050 Lexicon
716 3010 1032 3059 Sabbaiticum‚
1068 3020 1107 3059 p.
1143 3011 1220 3048 71:
1255 3012 1459 3061 γλῶσσα
1497 3007 1541 3047 εἰ
1570 3007 1663 3046 οὐκ
1696 3006 1990 3058 ἕμπήξεται·

289 3074 440 3127 ἄδηλον
481 3076 516 3115 εἰ
557 3073 804 3129 ἡσυχάσεται.
864 3078 981 3127 Quae
1037 3077 1238 3116 lectionis
1285 3076 1477 3115 varietas
1525 3075 1803 3114 incertiorem
1851 3074 1991 3113 reddit

291 3144 588 3184 coniecturam
628 3143 805 3196 γλώσσας
838 3143 911 3184 οὐκ
945 3142 1130 3195 ἕμπήξετε
1163 3145 1206 3183 et
1237 3144 1504 3183 sententiam
1537 3144 1689 3192 poetae
1721 3143 1828 3181 haec
1861 3141 1991 3181 verba

289 3211 520 3251 tribuenda
552 3221 663 3251 esse.
