2216 3522
1032 204 1085 242 23

179 321 423 378 Eupolidis
453 324 504 364 fr.
543 327 579 374 1,
617 326 637 364 1
688 326 796 365 bene
838 329 1074 366 correctus.
1118 327 1294 376 Triplici
1335 328 1487 366 tamen
1529 326 1640 366 coni.
1684 327 1829 366 tentat
1871 325 1935 365 Β1.

236 402 276 442 p.
310 392 380 432 35.
415 414 467 420 —·
501 392 576 432 Vs.
610 393 636 432 2
669 389 709 431 δ’
742 404 820 442 pro
852 389 878 432 τ’
914 394 1030 433 idem
1062 395 1102 434 5.

176 459 244 499 Fr.
278 461 305 499 5
336 461 455 518 redte
487 460 642 503 editur.
673 461 896 500 Inutiliter
926 461 990 500 Β1.
1023 459 1099 499 κάν
1130 467 1176 516 τῇ
1207 460 1352 500 λοπάδι
1383 457 1413 512 γ’
1449 458 1596 499 ἔνεισιν
1626 458 1770 510 ἑψητοί
1796 474 1908 507 τινες.

177 527 246 567 Fr.
277 527 334 567 δῖ’
355 521 453 565 ’πῖθι
484 538 559 577 pro
590 527 683 578 μήτι
718 529 916 578 speciosa
947 529 1064 568 idem
1095 529 1173 568 sed
1209 528 1377 568 incerta
1408 528 1643 567 admodum
1676 528 1937 567 coniectura.

177 594 246 635 Fr.
283 595 350 635 11.
398 596 497 645 ζητῶ
538 595 666 635 malit
704 596 787 645 Β1.,
830 596 907 635 sed
948 596 1097 644 quidni
1137 596 1196 635 sit
1236 596 1496 645 imperfecta
1532 596 1785 635 sententia?
1818 595 1941 634 Talia

236 663 410 702 mutare
441 662 589 702 nefas!

177 729 246 770 Fr.
282 730 349 778 14,
382 731 422 769 4.
456 730 539 769 Pro
571 729 706 781 ἐρίκην
737 731 801 770 Β1.
834 730 930 770 vult
961 728 1126 782 ἐρείκην.
1153 730 1333 770 Meliora
1358 730 1504 770 docuit
1531 741 1586 770 ex
1611 730 1753 769 titulis
1778 730 1940 770 Atticis

234 793 548 837 Meisterhans²
577 798 647 837 42.
682 797 841 837 Contra
871 795 1000 850 ἐρείκη
1031 798 1189 846 ubique
1220 797 1381 837 vitiosa
1412 799 1481 837 est
1510 798 1742 846 scriptura.

178 864 247 904 Fr.
281 865 351 904 20.
392 864 609 904 νεόκοπτον
650 875 727 914 pro
768 864 964 904 νεόκοπτον
1002 865 1184 914 requirit
1214 865 1280 904 Β1.
1321 864 1518 913 Utraque
1558 865 1679 904 fama
1719 864 1828 904 bene
1858 864 1938 904 for-

237 934 360 972 mata
404 934 491 982 est,
540 933 766 981 multaque
815 933 1025 973 vocabula
1070 933 1279 972 desinunt
1323 933 1367 971 in
1407 947 1541 979 κοπος.
1584 933 1731 981 Aeque
1771 931 1940 971 inutilis

237 1000 283 1040 in
310 1000 363 1040 fr.
396 1001 452 1039 49
485 1002 554 1040 est
585 1001 784 1040 eiusdem
816 1001 926 1041 coni.
960 1001 1127 1052 βοιδίων
1161 1011 1238 1051 pro
1270 1006 1348 1039 τῶν
1380 1001 1500 1051 βοῶν.

178 1067 247 1107 Fr.
282 1067 353 1117 36,
390 1068 430 1107 2.
473 1064 516 1114 ὃς
556 1067 649 1115 τοὺς
692 1066 880 1115 εὕδοντας
921 1067 1070 1120 ἐγείρει.
1108 1069 1235 1108 Locis
1268 1067 1441 1108 collatis
1472 1078 1499 1107 a
1529 1067 1693 1106 Kockio
1725 1066 1789 1105 Β1.
1822 1066 1943 1105 addit

237 1135 512 1174 Pherecratis
557 1135 609 1174 fr.
661 1136 757 1186 153,
792 1137 833 1176 9.
880 1136 1011 1176 Miror
1055 1137 1279 1176 neminem
1319 1135 1581 1175 meminisse
1622 1134 1705 1174 loci
1746 1134 1943 1173 omnium

237 1202 539 1251 antiquissimi
584 1203 757 1242 Solonis
802 1214 870 1252 ap.
923 1204 1151 1243 Demosth.
1201 1214 1241 1252 p.
1288 1204 1373 1242 422
1408 1226 1461 1232 -
1495 1201 1669 1251 πολεμόν
1708 1196 1750 1239 θ’
1791 1196 1939 1239 εὕδοντ’

238 1268 436 1323 ἐπεγείρει.
473 1270 535 1311 Cf.
568 1271 855 1311 Homericum
886 1270 1123 1317 ὑπνώοντας
1155 1269 1293 1323 ἐγείρει
1324 1271 1366 1308 ,Ω
1399 1271 1498 1320 344,
1532 1284 1550 1308 ε
1582 1270 1652 1319 48,
1686 1284 1717 1308 ω
1750 1270 1790 1309 4.
1821 1291 1873 1297 —
1903 1266 1942 1315 ἐξ

237 1337 371 1378 ὕπνου
398 1337 560 1390 ἐγείρειν
593 1337 834 1391 (ἐπεγείρειν)
865 1339 966 1378 inde
997 1338 1050 1378 ab
1078 1339 1269 1379 Homero
1301 1349 1469 1378 omnes.

180 1406 250 1446 Fr.
282 1407 354 1446 44.
388 1405 447 1445 ὅτι
487 1404 533 1444 τὰ
573 1413 736 1460 πατρῷα
779 1405 906 1457 πρός
938 1417 981 1445 σε
1011 1404 1339 1456 καταδιέφθορα;
1372 1405 1511 1454 quod
1543 1403 1942 1454 patrimonium

239 1484 416 1513 meum
448 1475 502 1513 in
535 1476 586 1514 te
619 1474 958 1523 consumpsi.
991 1474 1023 1512 Ε
1049 1474 1184 1513 schol.
1213 1474 1348 1513 Arist.
1378 1475 1422 1512 et
1454 1473 1569 1512 Suid.
1599 1472 1744 1511 verbis
1761 1472 1874 1520 apud
1890 1471 1943 1510 K.

240 1542 425 1581 minime
466 1542 677 1591 sequitur,
720 1542 833 1590 quod
873 1543 1000 1591 putat
1041 1541 1126 1590 Β1.,
1169 1543 1346 1591 poetam
1378 1540 1608 1590 scripsisse
1642 1540 1664 1577 δ
1683 1538 1733 1577 ιὰ
1765 1536 1817 1577 σὲ.
1850 1539 1944 1578 Νο11

239 1610 384 1649 solent
414 1610 497 1648 hae
526 1610 878 1659 praepositiones
909 1609 1129 1649 confundi.

181 1678 250 1717 Fr.
285 1678 354 1718 50.
388 1677 532 1717 Teneo
566 1679 761 1717 veterem
793 1686 940 1716 meam
973 1677 1083 1716 coni.
1117 1674 1258 1721 ἀνεκάς
1292 1672 1317 1713 τ’
1350 1671 1392 1728 (γ’
1409 1676 1444 1721 ?)
1471 1673 1662 1725 ἐπαίρεις,
1686 1671 1946 1724 παμβδελυρὰ

241 1745 310 1795 σύ,
355 1744 398 1783 τὸ
436 1742 592 1794 σκέλος,
634 1745 729 1784 coll.
772 1744 872 1793 Lys.
916 1744 1016 1783 969.
1059 1743 1172 1782 Εο01.
1220 1743 1346 1782 1043.
1388 1742 1513 1781 Nunc
1553 1741 1717 1781 similia
1747 1740 1948 1790 proponit

242 1812 307 1852 Β1.
334 1812 445 1852 Add.
477 1823 518 1862 p.
553 1813 653 1852 290.

181 1881 250 1921 Fr.
283 1881 353 1930 52,
391 1881 427 1920 1.
470 1878 524 1918 ε”τι
556 1880 626 1920 vel
657 1878 707 1918 σὺ
739 1876 781 1918 δὲ
812 1889 888 1928 pro
920 1877 984 1917 ἐπὶ
1014 1879 1098 1927 Β1.,
1141 1880 1403 1918 construens
1433 1874 1664 1926 καινοτέρας
1696 1873 1805 1922 ἰδέας
1836 1874 1948 1926 βίου,

240 1958 320 1988 nec
364 1958 470 1987 sane
518 1946 580 1986 ε’πὶ
621 1947 724 1987 ferri
763 1948 929 1996 potest;
969 1947 1166 1996 possitne
1209 1945 1261 1984 ἔτι
1304 1956 1456 1985 verum
1495 1955 1605 1994 esse,
1646 1942 1946 1983 deficientibus

239 2016 508 2065 praegressis
539 2026 625 2055 non
658 2016 804 2064 potest
836 2014 1078 2053 diiudicari.

182 2083 251 2122 Fr.
284 2084 355 2123 61.
388 2083 453 2122 Β1.
486 2082 561 2123 oft.
594 2080 936 2132 ἀμπεφλασμένως
968 2082 1154 2130 Lysistr.
1197 2081 1323 2119 1099.

182 2149 252 2189 Fr.
285 2151 356 2190 68.
390 2146 468 2189 ἀλλ’
504 2150 608 2201 ὅμως
641 2153 808 2191 temere
840 2150 904 2190 Β1.

183 2217 252 2257 Fr.
286 2218 356 2258 69.
399 2216 619 2269 ἀτρύφερος
661 2219 829 2258 comica
866 2218 1085 2257 formatio.
1127 2216 1334 2265 Vulgaris
1366 2216 1483 2255 enim
1516 2214 1719 2262 analogia
1749 2213 1948 2262 postulat

246 2283 437 2334 ἅτρυφος.

185 2353 253 2392 Fr.
287 2353 356 2402 73,
391 2353 430 2392 2.
474 2352 680 2404 βαστάζειν
722 2361 819 2392 esse
850 2351 1118 2402 pendere,
1163 2350 1551 2399 considerare,
1602 2358 1688 2387 non
1736 2348 1949 2387 afferre

245 2421 324 2466 (sic
356 2421 491 2466 Kock)
524 2422 676 2460 monet
707 2420 791 2469 Β1.,
827 2419 923 2458 0011.
957 2418 1008 2457 fr.
1043 2419 1144 2457 303.

187 2488 255 2528 Fr.
288 2489 343 2528 74
376 2489 439 2528 Β1.
489 2491 605 2528 recte
648 2488 854 2528 refellens
895 2486 1114 2526 Naberum
1155 2485 1473 2525 sollicitantem
1509 2485 1679 2530 πολλοῦ,
1711 2482 1807 2521 coll.
1840 2481 1948 2520 Nub.

247 2557 346 2606 915,
393 2556 500 2596 Ran.
539 2555 782 2604 1046,.Eq.
817 2555 917 2602 822,
966 2565 1042 2594 cur
1082 2553 1280 2602 tandem,
1325 2553 1406 2591 nisi
1441 2550 1731 2589 immoderato
1768 2548 1951 2596 quodvis

246 2623 446 2664 mutandi
478 2623 655 2663 libidine
687 2623 912 2672 abreptuS,
947 2622 1042 2671 ipse
1074 2621 1318 2660 sollicitat?

188 2693 256 2732 Fr.
290 2692 359 2732 75.
393 2689 478 2746 πρῲ
518 2690 720 2740 <πάνυ>,
755 2675 896 2730 deleto
924 2688 974 2739 δὴ
1001 2691 1048 2728 ut
1077 2690 1206 2728 exeat
1232 2688 1445 2726 trimeter.
1474 2685 1538 2724 Β1.
1566 2684 1746 2724 Cautius
1770 2684 1950 2732 egerunt

249 2760 443 2800 Meineke
475 2761 518 2799 et
550 2758 684 2798 Kock.
718 2757 906 2797 Felicius
938 2757 1001 2796 Β1.
1036 2757 1080 2795 in
1115 2755 1189 2794 Ad
1208 2755 1246 2794 d.
1281 2753 1330 2804 δὴ
1368 2752 1496 2794 <σὺ>
1533 2750 1630 2805 πρῴ.

189 2828 257 2867 Fr.
291 2814 361 2867 76.
397 2826 555 2877 ,κίστας
586 2826 708 2866 Kock
740 2836 815 2875 pro
853 2825 985 2871 κοίτας
1018 2834 1169 2863 vereor
1202 2825 1250 2862 ut
1282 2822 1425 2861 1·ecte''
1461 2820 1524 2859 Β1.
1559 2819 1747 2858 afferens
1780 2817 1832 2856 de
1865 2816 1952 2854 σάτ-

247 2898 386 2934 τεσθαι
426 2895 479 2934 de
520 2894 651 2933 cubili
690 2893 805 2932 dicto
846 2892 994 2941 Eupol.
1038 2891 1079 2930 II
1121 2891 1220 2939 575,
1265 2889 1373 2928 Plat.
1419 2888 1459 2926 ΙΙ
1492 2887 1578 2926 650
1621 2888 1702 2925 etc.
1754 2885 1954 2924 Pessima

249 2964 315 3002 est
349 2962 596 3001 coniectura
622 2961 715 3001 1000
747 2960 983 3000 sanissimo
1016 2959 1205 2998 invecta.

192 3031 260 3071 Fr.
295 3031 365 3080 77,
399 3031 439 3070 3.
473 3029 655 3069 Sanavit
686 3028 834 3068 Cobet.
870 3028 971 3067 Sine
1002 3036 1136 3066 sensu
1170 3025 1232 3063 Β1.
1267 3021 1499 3061 κάπικλίνει.

192 3099 260 3139 Fr.
297 3100 364 3148 77,
384 3100 424 3138 4.
458 3096 509 3136 τὼ
541 3095 657 3148 σκέλη
689 3096 834 3148 ῥίπτεις
866 3091 893 3134 τ’
928 3093 1024 3144 ἄνω,
1054 3093 1151 3134 0011.
1180 3092 1307 3141 Vesp.
1341 3090 1466 3140 1526,
1495 3090 1608 3129 1530
1639 3088 1723 3137 Β1.,
1753 3086 1957 3136 quamvis

250 3166 433 3215 probata
463 3165 669 3205 Fritschii
702 3163 982 3204 correctione.

194 3233 264 3273 Fr.
297 3233 367 3273 83.
400 3233 464 3272 Bl.
498 3232 571 3272 eft.
606 3230 734 3282 Δεξώ,
767 3229 912 3281 Δωρώ,
935 3225 1105 3279 Ἐμβλώ.
