2216 3522
1056 214 1136 253 127

270 333 396 388 τούτῳ
426 347 470 386 γε
500 336 578 374 aut
607 333 714 389 αὐτῷ
746 350 789 387 γε
820 339 933 386 (post
958 337 1041 377 hoc
1066 348 1308 387 pronomen
1334 352 1377 390 γε
1404 339 1600 388 ineptum
1630 342 1724 390 est),
1751 351 1829 390 ego
1847 344 1975 382 teneo

271 401 468 441 veterem
500 402 797 443 coniecturam
829 402 937 458 αὐτῷ
970 403 1020 443 σὺ
1050 404 1211 456 χαίρων.
1241 427 1294 434 -
1327 405 1401 445 νε.
1440 407 1507 446 10.
1541 405 1712 458 δίπυρον
1742 410 1817 454 (sc.
1841 406 1976 459 ὂὶρτον)

271 467 541 520 παραθήσεις,
582 468 664 523 ᾠὸν
700 468 1132 522 ἐπιτετμημένον.
1174 468 1426 523 Ἐπιτέμνειν
1466 475 1535 512 est
1576 483 1770 514 secare
1810 475 1862 515 in
1898 487 1976 516 Su-

269 535 529 587 perficie,
571 547 712 586 neque
751 538 885 588 igitur
926 539 1057 579 huius
1097 539 1194 580 loci.
1236 540 1336 580 Iure
1377 540 1570 580 offensus
1599 540 1664 581 Bl.
1697 542 1880 582 coniecit
1919 537 1973 583 εὖ

269 601 609 655 τετμημένον,
638 606 751 654 quod
783 607 886 655 quia
910 617 1065 656 parum
1091 607 1310 657 placebat,
1340 608 1529 657 cogitavi
1561 608 1614 647 de
1640 609 1892 658 corrigendo
1917 610 1975 649 ἲν

270 669 600 722 τετμημένον.
632 674 692 713 At
722 683 858 713 unum
889 684 1022 714 ovum
1054 675 1096 715 h.
1123 675 1152 715 1.
1184 685 1338 724 pamm
1371 675 1557 724 videtur,
1586 685 1665 714 nec
1696 676 1806 715 satis
1833 677 1973 717 defen·

269 737 388 778 ditur
411 739 463 779 fr.
495 740 592 790 174,
626 741 666 789 8,
695 740 769 780 ubi
794 751 881 781 non
907 741 1029 781 cibus
1055 744 1145 792 est,
1173 742 1251 782 sed
1268 742 1618 792 condimentum,
1646 752 1726 782 nec
1741 743 1792 783 fr.
1815 745 1911 795 127,
1932 747 1972 794 5,

269 805 310 844 si
349 807 468 846 recte
504 807 564 846 ibi
609 818 763 847 vocem
802 809 989 850 restitui.
1030 809 1092 849 Cf.
1135 810 1402 850 comicorum
1443 810 1527 850 loci
1559 810 1604 849 in
1635 810 1795 850 Iacobii
1826 812 1973 853 Indice

268 883 305 912 s.
338 884 379 914 v.
420 873 512 928 ᾠόν.
548 874 821 925 Quamquam
862 876 1008 925 paullo
1039 876 1213 926 longius
1245 877 1399 927 distat,
1434 878 1698 917 correxerim
1729 878 1875 927 potius
1906 879 1973 933 ᾠὰ

269 939 673 993 διατετμημένα,
713 943 809 983 sive
852 943 969 995 δίχα
1008 942 1312 995 τετμημένα.
1354 944 1416 984 Cf.
1458 944 1659 984 Alexidis
1689 945 1741 984 fr.
1782 946 1882 994 261,
1919 948 1972 986 10

269 1007 359 1062 ᾠῶν
399 1005 583 1059 ἡμίτομα.
628 1009 690 1050 De
731 1010 913 1060 reliquis
956 1011 1009 1052 cf.
1052 1011 1116 1052 Bl.
1158 1022 1199 1062 p.
1236 1012 1319 1052 162
1351 1022 1435 1062 sq.,
1475 1012 1548 1060 qui
1591 1022 1655 1052 vs.
1692 1013 1744 1052 16
1785 1013 1972 1053 fortasse

265 1077 384 1116 recte
414 1077 600 1116 coniecit
630 1075 842 1129 ἄνθρωπε,
871 1079 995 1125 παῖζε.

121 1172 130 1181 ,
205 1141 275 1182 Fr.
311 1143 409 1192 174,
442 1143 483 1183 3.
516 1140 748 1194 παρατιθὲν’
782 1155 860 1194 pro
891 1143 1107 1196 παρελθὼν
1134 1147 1235 1195 apte
1259 1146 1344 1196 Bl.,
1375 1147 1420 1185 et
1444 1156 1509 1185 VS.
1539 1148 1565 1186 5
1593 1141 1705 1185 οἶνον
1730 1157 1808 1196 pro
1839 1150 1972 1199 θρῖον,

265 1209 389 1249 cuius
435 1210 548 1249 mira
589 1212 660 1250 est
701 1211 744 1251 in
785 1212 948 1252 mediis
991 1213 1285 1252 condimentis
1316 1213 1497 1253 mentio.
1533 1235 1585 1241 —-
1619 1213 1691 1253 Vs.
1727 1215 1767 1255 6.
1809 1214 1970 1266 γήθυον

263 1277 407 1323 (Mein.
438 1287 514 1326 pro
546 1276 717 1329 γήτειον)
749 1278 892 1319 forma
922 1281 1128 1329 suspecta
1159 1280 1412 1320 admodum.
1445 1279 1598 1320 Melius
1622 1280 1768 1320 locum
1795 1283 1971 1322 sanavit

194 1341 200 1346 “
266 1343 446 1385 Dobree.

204 1410 273 1451 Fr.
310 1412 407 1452 177.
440 1412 671 1465 σιτόκουρος
702 1425 729 1453 a
759 1417 864 1461 σῖτος
895 1416 941 1454 et
971 1414 1116 1467 κείρειν
1147 1417 1266 1455 recte
1298 1416 1497 1455 derivare
1530 1416 1701 1455 videtur
1731 1416 1795 1456 Bl.

205 1479 274 1519 Fr.
310 1481 408 1531 182,
443 1482 482 1521 2.
516 1479 559 1520 ἐν
588 1483 739 1522 tuetur
769 1482 903 1522 Kock.
938 1483 1106 1522 Mecum
1140 1480 1203 1522 ἐπὶ
1235 1484 1479 1532 corrigente
1509 1483 1615 1522 facit
1644 1483 1708 1523 Bl.
1737 1506 1789 1512 —-
1818 1484 1892 1524 Vs.
1926 1486 1966 1525 3.

267 1540 333 1597 ἦν,
359 1549 472 1597 quod
497 1549 543 1588 in
570 1545 643 1588 ἐστ’
670 1550 835 1589 mutari
858 1550 978 1590 iubet
1003 1550 1088 1600 Bl.,
1118 1550 1307 1590 fortasse
1334 1551 1596 1590 attractione
1621 1552 1865 1600 praegressi
1890 1550 1967 1591 ἔδει

263 1614 437 1655 defendi
466 1618 631 1667 potest,
663 1627 744 1657 nec
774 1618 1075 1657 necessarium
1101 1619 1207 1667 puto
1234 1613 1279 1656 δι’
1312 1616 1334 1656 ὅ
1357 1633 1392 1656 τι
1418 1628 1481 1657 vs.
1502 1619 1528 1657 6
1554 1628 1631 1667 pro
1657 1616 1723 1656 διὰ
1740 1618 1784 1656 τί.
1812 1619 1968 1668 Magna

264 1682 310 1722 in
340 1683 504 1723 talibus
537 1695 634 1725 esse
666 1685 840 1725 videtur
870 1685 1087 1724 scribendi
1118 1685 1315 1725 libertas.
1347 1684 1408 1725 Cf.
1442 1695 1483 1725 v.
1516 1695 1551 1724 c.
1588 1686 1684 1735 186,
1718 1687 1743 1724 3
1775 1688 1819 1725 et
1851 1687 1891 1726 4.

203 1749 273 1800 Fr,
309 1750 406 1801 183,
441 1752 482 1791 3.
514 1747 664 1802 μάλιστ’
698 1773 754 1779 -
784 1752 899 1791 πολύ.
931 1751 993 1791 Cf.
1026 1752 1078 1792 fr.
1115 1754 1211 1802 156,
1246 1753 1271 1792 3
1304 1748 1447 1791 πλείον’
1480 1774 1532 1780 —-
1560 1752 1676 1791 πολύ.

163 1869 175 1873 ⁴
203 1815 272 1856 Fr.
309 1817 406 1867 186,
440 1819 481 1858 3.
530 1817 701 1870 οἰστέον,
745 1819 839 1859 scil.
881 1820 1062 1859 domum
1105 1830 1128 1859 e
1168 1820 1260 1859 foro
1296 1820 1454 1859 venali.
1486 1819 1581 1859 Non
1613 1822 1682 1859 est
1712 1830 1787 1859 cur
1817 1830 1963 1869 suspe-

260 1886 381 1924 ctum
424 1886 686 1926 vocabulum
728 1886 972 1926 habeamus
1010 1897 1110 1926 cum
1141 1887 1220 1938 Bl.,
1254 1888 1327 1936 qui
1358 1898 1424 1927 vs.
1458 1887 1482 1927 7
1526 1887 1643 1926 male
1683 1888 1826 1926 tentat
1856 1901 1965 1937 περι-

258 1951 390 2000 πάσας
438 1964 516 2003 pro
557 1953 791 2004 ὑποπάσας,
835 1955 1079 2004 composito
1122 1955 1353 2004 aptissimo
1394 1956 1568 2004 propter
1610 1954 1852 2003 sequentia.
1902 1954 1963 1994 Cf.

258 2017 431 2068 ὑποθεὶς
460 2021 512 2062 fr.
550 2022 647 2071 188,
682 2023 722 2062 2.

199 2086 268 2127 Fr.
306 2088 403 2128 187.
1222 2089 1419 2140 σηπίας
1451 2088 1607 2135 τόσας

558 2156 734 2208 δραχμῆς
766 2162 858 2206 μιᾶς
890 2154 1010 2207 τρὶς.
1042 2155 1116 2195 κτὲ.

258 2222 328 2262 Ita
352 2223 495 2264 editur
519 2234 543 2264 e
569 2224 949 2273 schweighauseri
975 2224 1224 2264 coniectura
1251 2234 1328 2273 pro
1354 2223 1494 2274 σηπίαι
1520 2222 1671 2269 τόσους.
1699 2223 1780 2262 Sed
1798 2224 1963 2272 respuit

258 2291 526 2331 comicorum
558 2301 705 2331 sermo
735 2290 850 2338 τόσος
880 2301 958 2340 pro
989 2290 1162 2330 τοσόσδε.
1195 2291 1348 2330 Procul
1380 2290 1510 2331 dubio
1543 2290 1865 2339 corrigendum:

1223 2357 1414 2408 σηπίας
1445 2357 1634 2404 πόσας;

516 2427 639 2466 <Β.>
677 2425 853 2476 δραχμῆς
884 2431 977 2476 μιᾶς
1008 2428 1119 2477 τρεῖς.
1151 2423 1227 2464 κτὲ.

258 2492 404 2544 σηπίας
440 2491 513 2545 ἔχω
544 2493 614 2532 vel
656 2492 796 2544 σηπίαι
835 2492 943 2544 πάρα
985 2492 1294 2542 improbabiles
1335 2494 1439 2532 sunt
1480 2492 1543 2531 Bl.
1587 2492 1869 2541 suspiciones.
1905 2513 1958 2519 —

257 2561 331 2601 Vs.
350 2563 390 2602 6.
418 2562 540 2601 Idem
576 2557 737 2602 <αὔτ’>
777 2559 1014 2612 ἐπεισφὲρω,
1044 2561 1181 2600 nimio
1207 2560 1451 2609 molimine,
1480 2559 1622 2599 lenius
1652 2559 1769 2599 enim
1803 2558 1959 2607 corrigi

258 2630 405 2678 potest
444 2626 622 2668 εἰσιὼν
658 2626 778 2680 φέρω.
819 2628 952 2668 Recte
983 2628 1105 2667 Kock
1137 2626 1199 2666 ἐπὶ
1231 2632 1301 2666 τοῦ
1333 2626 1527 2679 ταγήνου,
1557 2627 1680 2666 cuius
1712 2626 1959 2666 coniectura

256 2694 423 2736 ἐπινέων
454 2698 653 2747 tempore
684 2699 853 2746 peccat,
888 2697 990 2745 quia
1021 2706 1130 2745 opus
1161 2696 1280 2735 esset
1311 2695 1475 2734 aoristo
1507 2691 1708 2744 ἐπινήσας.

196 2763 266 2805 Fr.
302 2765 398 2815 188,
432 2765 473 2805 3.
514 2764 563 2803 In
605 2764 788 2804 articulo
828 2765 921 2803 iure
951 2764 1140 2803 haerens
1171 2763 1235 2803 Bl.
1268 2762 1471 2811 proponit
1500 2758 1566 2798 καὶ
1598 2756 1724 2812 τρῖμμ’
1759 2760 1827 2799 vel
1859 2756 1956 2798 ἀπό-

253 2827 398 2883 τριμμ’,
440 2841 625 2881 quorum
672 2832 892 2881 posterius
937 2830 1112 2870 facilius
1152 2830 1295 2879 potuit
1338 2828 1455 2867 abire
1494 2828 1537 2866 in
1578 2826 1620 2865 τὸ
1651 2822 1776 2878 τρῖμμ’
1811 2827 1958 2874 itaque

255 2899 602 2949 praeferendum.
639 2921 687 2925 —
723 2898 797 2938 Vs.
831 2900 871 2937 5.
914 2898 997 2937 Hic
1028 2907 1197 2946 quoque
1228 2894 1469 2946 καταβρέξας
1500 2894 1637 2933 latere
1674 2894 1845 2933 videtur
1876 2893 1970 2932 sub·

254 2966 449 3016 πατάξας,
479 2968 527 3006 ut
556 2966 609 3006 fr.
646 2966 743 3006 133.
776 2967 802 3005 5
833 2964 1076 3017 κατάβρεξον
1108 2963 1272 3003 conieci
1304 2972 1381 3012 pro
1413 2961 1611 3011 μάστιξον.

196 3034 266 3074 Fr.
302 3034 399 3084 189,
427 3034 467 3073 2.
501 3033 626 3072 Lusit
657 3033 743 3072 BL:

642 3100 754 3140 ὕειον
784 3097 864 3150 ἡδὺ
896 3097 962 3138 καὶ
994 3095 1080 3150 μάλ’
1116 3096 1300 3150 εὔχυλον,
1330 3094 1438 3147 τέρεν

640 3166 739 3207 ὅταν
768 3165 927 3220 γένηται
960 3165 1164 3218 θερμὸν
1196 3162 1351 3203 ὀπτὸν
1383 3160 1566 3213 εἰσφέρω.

252 3238 435 3285 cogente
466 3236 607 3275 metro
637 3244 773 3284 pravo
804 3236 934 3274 utens
966 3233 1198 3274 verborum
1230 3232 1380 3271 ordine
1413 3240 1489 3279 pro
1522 3226 1645 3267 ὀπτὸν
1676 3226 1851 3278 θερμὸνῐ
