2216 3522
1083 207 1138 247 72

235 338 300 377 Fr.
333 338 404 377 33.
437 337 519 377 Cft.
553 335 615 375 Bl.
649 333 889 385 ἐκπηνιεῖται
921 334 994 373 Ar.
1026 333 1134 373 Ran.
1162 333 1262 372 578.

238 403 443 457 Polyzell
475 404 524 444 fr.
563 405 599 443 1.
642 402 751 442 Male
791 401 1005 442 Headlam
1048 410 1148 440 cum
1190 400 1389 449 Synizesi
1432 401 1476 440 in
1507 401 1734 442 comoedia
1764 401 1920 442 illicita
1948 398 1992 441 ἐν

296 474 453 519 <τοῖς>
489 470 719 527 θεοξενζοις.

234 541 299 580 Fr.
334 541 374 589 3,
412 542 448 579 1.
481 537 641 578 ἑλέσθαι
673 535 855 577 σούστὶ
886 536 951 577 Β1.

233 608 299 647 Fr.
332 609 372 647 4.
407 607 526 647 Idem
559 604 600 645 ἕν
631 604 799 660 λεκανίφ
828 602 833 656 Ι
861 609 1020 655 πρῶτον
1050 600 1122 654 μὲν
1154 601 1413 653 ἕναπονίψεις
1452 599 1591 644 <εἶτ’>
1632 606 1725 651 (aut
1755 602 1993 655 ἐναπονίψει

295 671 475 729 <κᾷῐ’>)
505 672 695 724 ἑνεξεμεῖς
723 671 730 723 Ι
758 670 1006 719 ἕνεκπλυνεῖς
1037 669 1110 711 κτέ.
1137 671 1247 722 Quia
1272 682 1376 713 vero
1401 675 1521 713 certa
1546 675 1615 714 est
1641 672 1823 714 Elmslei
1847 682 1992 714 emen·

288 743 406 783 datio
438 740 695 790 ἐναπονίψει,
734 742 1079 781 consentaneum
1112 742 1182 780 est
1212 741 1334 790 prius
1370 740 1472 781 ferri
1504 750 1592 781 non
1623 751 1771 791 posse,
1803 740 1994 781 alterum

288 813 437 851 autem
478 810 661 850 damnat
690 808 913 849 soloecum
945 813 1104 859 πρῶτον
1135 804 1207 859 μὲν
1235 830 1289 837 -
1316 803 1434 863 κᾷτα,
1465 810 1701 858 utrumque
1732 806 1837 849 vero
1866 817 1992 859 spon·

288 880 421 919 dacus
452 879 494 918 in
526 878 629 917 sede
659 878 831 925 quarta.
864 876 1034 926 Quanto
1064 876 1226 917 melius
1252 877 1345 927 ipse
1378 877 1575 927 Elmsley
1604 876 1749 917 locum
1781 875 1994 917 tentavit!

231 948 297 987 Fr.
333 948 371 987 7.
405 946 516 987 Male
556 946 621 986 Bl.
659 934 832 996 repetit'
853 945 1070 985 infelicem
1110 945 1314 986 Meinekii
1345 946 1660 986 coniecturam.
1692 945 1856 985 Verum
1887 943 1999 985 vidit

289 1014 423 1054 Kock.

230 1084 297 1123 Fr.
330 1084 370 1123 8.
404 1083 467 1123 ΒΙ.
507 1082 637 1133 ὥσπερ
678 1078 722 1121 δὲ
754 1078 902 1127 Χαλκὶς
944 1084 1059 1126 (cum
1093 1080 1271 1126 Kockio)
1303 1078 1427 1120 ἔπτὰ
1457 1078 1611 1121 τέτοκεν
1639 1077 1666 1132 ἡ
1697 1080 1822 1134 γυνή,
1850 1079 1994 1121 deleto

284 1148 399 1201 ἡμῖν,
424 1161 507 1200 quo
533 1152 683 1190 tamen
710 1158 840 1199 aegre
863 1158 1079 1189 caremus.
1107 1148 1225 1188 Nihil
1250 1159 1413 1190 novare
1438 1150 1654 1200 praestat,
1682 1159 1787 1189 nam
1804 1156 1996 1198 sequens

284 1220 485 1259 senarius
517 1218 648 1258 ordiri
680 1218 823 1267 potuit
854 1227 881 1256 a
912 1215 1057 1257 verbis
1089 1213 1214 1256 τέκν’
1250 1215 1385 1256 ἑπτά.

227 1288 293 1327 Fr.
333 1288 397 1326 10.
432 1287 606 1336 Optime
638 1284 1043 1337 Β1.γυναικοφίλης,
1081 1285 1240 1325 collato
1271 1285 1549 1336 Theognideo
1579 1284 1845 1336 παιδοφίλης,
1874 1283 1996 1324 dum·

284 1355 413 1394 modo
459 1364 506 1394 re
553 1364 658 1394 vera
698 1363 775 1403 pro
816 1352 1034 1405 φιλόγυνος
1074 1353 1138 1393 ita
1178 1353 1342 1394 dixerit
1373 1353 1623 1405 Polyzelus,
1665 1363 1748 1394 nec
1780 1351 1997 1394 erraverit

286 1422 459 1472 Pollux,
503 1432 606 1462 nam
648 1420 941 1474 γυναικοφιλής
982 1420 1205 1471 significat
1243 1423 1468 1462 amatus
1499 1432 1526 1462 a
1557 1421 1798 1462 muliere
1829 1422 1997 1468 (uxore)

288 1492 366 1530 aut
397 1501 423 1530 a
453 1489 808 1530 mulieribus,

230 1559 294 1598 Fr.
334 1560 399 1607 11,
436 1558 474 1597 2.
509 1556 698 1609 τρύφημά
729 1572 764 1596 τι
795 1557 987 1597 fortasse
1017 1558 1137 1597 recte
1170 1557 1234 1597 Bl.
1268 1557 1366 1598 coll.
1399 1558 1623 1608 Aristoph.
1656 1558 1758 1610 820,
1793 1558 1840 1599 7.

226 1674 538 1728 Sannyrionis
569 1675 621 1715 fr.
654 1675 694 1715 2.
727 1680 871 1722 κοινῶς
903 1684 980 1724 pro
1012 1680 1165 1725 σεμνῶς
1197 1675 1261 1715 Β1.

228 1743 294 1782 Fr.
327 1744 367 1783 4.
400 1740 618 1794 κεραμικὰν
650 1743 741 1788 (sic)
773 1741 932 1794 τροχὸν,
963 1742 1061 1782 coll.
1096 1742 1211 1783 Eccl.
1249 1745 1286 1783 1.
1318 1744 1367 1793 4,
1401 1745 1570 1783 temere
1601 1743 1732 1784 idem.

230 1812 294 1851 Fr.
326 1812 366 1861 8,
405 1813 441 1851 1.
474 1810 707 1860 εἰσδύσομαι
740 1811 893 1851 malim
927 1822 1028 1851 cum
1055 1810 1119 1851 Bl.
1130 1811 1247 1861 ,qui
1280 1821 1344 1851 vs.
1379 1812 1405 1851 2
1437 1811 1664 1862 eleganter
1694 1810 1791 1863 φέρε
1815 1810 1854 1851 τί
1874 1809 1997 1865 γένω-

286 1894 377 1929 μαι;
407 1882 587 1932 μυγαλῆ;
620 1880 743 1919 Sitne
779 1881 929 1919 tamen
961 1889 1072 1929 opus
1104 1879 1271 1920 dubito.
1315 1879 1439 1920 Idem
1473 1890 1539 1919 vs.
1572 1882 1599 1933 4
1639 1890 1739 1920 cum
1770 1878 1992 1921 Dindorflo

287 1950 404 1987 recte
446 1948 639 1997 praefert
670 1948 906 1988 lectionem
940 1946 1100 1987 εἰσιδὼν
1130 1948 1376 1998 scripturae
1407 1948 1701 1998 interpolatae
1731 1947 1787 1996 εἰς
1817 1946 2000 2001 ἐχθροὺς.

232 2054 458 2099 Demetrii
499 2056 550 2096 fr.
593 2057 630 2106 I,
665 2058 706 2096 4.
754 2055 819 2095 καὶ
866 2054 987 2108 μέγας
1034 2054 1102 2095 καὶ
1148 2054 1328 2109 λαμπρὸς
1368 2050 1421 2107 ἦν
1462 2056 1547 2107 ΒΙ.,
1590 2056 1799 2097 dubitans
1845 2058 1996 2098 tamen

287 2124 339 2164 de
373 2122 505 2177 μέγας.
542 2124 625 2164 Sed
660 2124 745 2166 vid.
779 2124 914 2164 Kock.

229 2192 295 2231 Fr.
328 2193 367 2231 3.
400 2186 510 2231 οὗτοι
543 2190 585 2231 δὲ
617 2193 792 2243 supplet
818 2193 881 2233 Bl.
901 2193 999 2232 Iure
1032 2192 1153 2233 Kock
1185 2192 1237 2233 ab
1271 2193 1453 2233 incertis
1479 2193 1695 2234 eiusmodi
1721 2192 1996 2243 supplemen-

287 2260 347 2299 tis
378 2260 603 2301 abstinuit.

231 2327 294 2366 Fr.
327 2328 367 2377 4,
402 2328 426 2366 3
459 2328 523 2368 Bl.
565 2326 702 2379 κέχηνε
745 2328 814 2368 vel
847 2326 985 2368 ἀκούει
1016 2339 1094 2379 pro
1126 2326 1303 2384 ἀπαντᾷ,
1344 2330 1581 2379 utrumque
1622 2330 1772 2369 minus
1802 2329 1996 2380 probabi·

288 2395 387 2435 liter
418 2406 550 2444 quam
582 2406 693 2445 quae
726 2397 952 2446 proposuit
983 2396 1118 2437 Kock.

231 2501 571 2559 Apollophanis
596 2505 648 2545 fr.
675 2507 715 2555 5,
735 2506 774 2545 2.
808 2505 1004 2557 βούλομαι
1036 2506 1151 2546 male
1177 2506 1390 2547 sollicitat
1405 2506 1469 2546 Bl.
1497 2507 1750 2547 coniciendo
1775 2506 1846 2555 δός
1869 2521 1999 2564 τινας,

289 2582 370 2611 nec
410 2573 604 2622 praefero
646 2573 759 2623 quod
800 2583 865 2614 vs.
898 2574 924 2613 3
966 2584 1043 2623 pro
1083 2571 1131 2621 ἃς
1168 2584 1268 2614 cum
1301 2574 1575 2615 Blomfieldio
1606 2575 1789 2625 requirit
1819 2572 1892 2626 ὡς,
1917 2584 1998 2626 pro

288 2649 372 2688 quo
406 2643 630 2689 praeterea
656 2642 926 2682 comicorum
957 2651 1102 2682 sermo
1133 2642 1379 2692 postularet
1409 2640 1461 2689 ὡς
1492 2640 1562 2692 ἄν,
1591 2652 1672 2683 nec
1698 2642 1997 2684 necessarium

291 2707 462 2747 videtur
493 2709 605 2757 quod
639 2710 682 2748 in
714 2710 867 2749 eodem
901 2719 1031 2750 versu
1063 2710 1249 2750 coniecit
1279 2724 1335 2761 με
1367 2720 1444 2760 pro
1475 2725 1522 2749 τι.
1549 2710 1632 2750 Sed
1658 2710 1852 2752 notanda
1876 2709 1996 2761 diph-

290 2774 440 2824 thongi
482 2776 607 2816 elisio
649 2779 751 2817 ante
785 2778 963 2818 brevem
997 2778 1218 2827 syllabam
1250 2778 1293 2818 in
1335 2773 1573 2829 διαμασῶμ’,
1610 2776 1726 2828 ὅταν,
1754 2778 1880 2819 cuius
1908 2787 1997 2819 non
2041 2806 2089 2835 „f-

291 2843 391 2881 novi
426 2844 678 2893 exemplum
710 2846 950 2895 antiquius,
983 2846 1059 2886 sed
1097 2846 1186 2886 iam
1233 2846 1346 2896 apud
1389 2846 1687 2897 Antiphanem
1719 2847 1865 2888 aetate
1895 2845 1999 2887 huic

291 2911 539 2957 proximum
581 2913 677 2951 eius
710 2913 915 2953 licentiae
947 2913 1152 2963 exempla
1182 2914 1472 2963 reperiuntur.
1972 2964 1977 2966 v

236 2975 300 3015 Fr.
334 2978 373 3015 6.
417 2975 703 3029 ἁδύοσμος,
744 2980 839 3020 coll.
884 2980 1043 3021 Telecl.
1077 2982 1132 3021 24
1176 2977 1420 3031 ἡδύπνου
1461 2983 1675 3033 λεπαστῆς,
1714 2980 1897 3032 pulchra
1926 2982 1998 3023 est

292 3042 509 3091 Blaydesii
542 3047 793 3087 coniectura
823 3057 898 3097 pro
931 3045 1143 3099 ἁδύοινος,
1173 3048 1258 3088 nisi
1289 3048 1403 3097 quod
1434 3048 1581 3089 dorica
1611 3048 1826 3089 disiectus
1850 3049 1998 3099 potius

293 3107 553 3160 «ἱὸύοδμος
587 3114 760 3154 videtur
794 3115 1028 3164 requirere.

236 3177 301 3217 Fr.
336 3178 374 3217 7.
423 3179 484 3218 Cf.
530 3180 715 3221 Lexicon
758 3182 1057 3223 Sabbaiticum
1090 3184 1129 3233 3,
1163 3184 1189 3224 6
1228 3183 1525 3235 Ἀπολλοφάνης
1569 3182 1734 3236 Κρησίν·
1767 3182 1997 3236 Ἀσκληπιός

298 3246 549 3295 Κύννιος,
580 3249 803 3299 Ἀφρόδιτος
835 3251 994 3302 Τύχων,
1015 3251 1087 3291 ubi
1118 3251 1377 3299 Κύννειος
1404 3252 1600 3293 restituit
1623 3250 1994 3303 Pappssdopouloss.
