2216 3522
1029 237 1110 275 117

246 361 475 401 Manifeste
506 361 624 400 enim
656 360 813 400 Pollux
843 361 1040 401 scribens
1075 359 1149 400 εἰσὶ
1181 358 1224 400 δὲ
1254 359 1334 401 ἀπὸ
1364 362 1515 401 τούτων
1546 361 1612 401 καὶ
1644 362 1853 414 ὑποκριταὶ
1883 363 1949 403 καὶ

246 426 527 479 ὑπόκρισις
572 426 640 466 καὶ
686 426 986 479 ἀντίκρισις
1034 430 1264 477 utramque
1297 439 1460 469 evocem
1507 429 1754 479 distinguit.
1800 432 1949 471 Potuit

246 493 542 546 ἀντίκρισις
578 493 824 544 significare
865 494 1179 546 ἀνθυπάκρισις,
1219 496 1314 535 sive
1355 497 1541 535 duorum
1569 498 1950 546 antagonistarum

245 562 360 603 inter
404 573 452 602 se
498 563 592 602 sive
638 562 825 602 alicuius
870 572 1083 612 personae
1129 563 1183 602 ad
1231 563 1419 603 alteram
1461 565 1702 613 responsio.
1745 565 1951 605 Fortasse

244 631 396 670 autem
435 630 626 680 pertinet
664 630 717 669 ad
748 627 924 681 ἀγῶνας,
964 640 1150 678 quorum
1182 631 1333 670 tantae
1364 631 1542 670 fuerunt
1572 632 1616 670 in
1644 632 1826 680 antiquo
1858 633 1949 672 dra-

247 699 368 738 mate
398 699 561 747 partes,

249 830 610 886 Aristophontis
640 832 692 872 fr.
725 833 758 872 I.
791 832 979 882 Corrigit
1010 833 1180 873 Nauck:

364 898 497 950 σαφὴς
529 897 550 938 ὁ
581 899 691 945 (Sine
722 910 857 939 causa
886 898 930 939 δὲ
959 900 1041 946 Bl.)
1071 899 1216 952 χειμὼν
1245 906 1314 951 τῆς
1344 900 1483 948 πενίας
1515 900 1619 940 ἐστὶν
1648 902 1811 954 λύχνος,

365 966 522 1005 ἅπαντα
552 966 759 1016 φαίνων
791 970 883 1016 (pro
913 970 1006 1013 -νει)
1038 967 1086 1006 τὰ
1116 966 1219 1006 κακὰ
1249 966 1316 1006 καὶ
1346 966 1394 1006 τὰ
1425 967 1607 1019 δυσχερῆ.

247 1034 331 1075 oft.
357 1034 501 1074 Prom.
533 1035 660 1084 1015,
689 1035 836 1084 Antig.
863 1036 963 1085 665,
992 1035 1127 1075 Anth.
1158 1035 1247 1075 Pal.
1276 1035 1317 1074 X
1346 1036 1443 1086 100,
1471 1035 1644 1077 Diodor.
1672 1037 1795 1076 XVII
1815 1039 1882 1087 10,
1908 1039 1947 1077 5.

246 1101 361 1140 Num
391 1103 545 1141 tamen
574 1102 824 1141 necessaria
852 1102 914 1141 sit
945 1102 1155 1142 correctio
1186 1102 1351 1142 dubito.

117 1185 125 1194 ·
187 1169 258 1208 Fr.
290 1169 331 1218 4,
364 1168 404 1207 2.
541 1165 594 1206 ἄν
624 1182 682 1215 τις
712 1166 837 1223 ἑστιᾷ,
867 1168 1031 1220 πάρειμι
1062 1175 1288 1221 πρῶτος,
1320 1166 1404 1209 ὥστ’
1435 1168 1514 1221 ἤδη
1547 1171 1667 1210 πάλαι

550 1235 945 1287 <Πρωτεσί>ζωμος
977 1239 1187 1287 καλοῦμαι.

245 1311 383 1351 aeque
409 1302 638 1351 ingeniosa
668 1313 719 1343 ac
749 1304 985 1353 probabilis
1011 1306 1078 1344 est
1106 1305 1153 1344 Ο.
1172 1303 1314 1344 Crusii
1338 1305 1601 1345 coniectura.
1631 1329 1683 1334 —
1714 1306 1787 1346 Vs.
1817 1309 1856 1346 5.
1884 1307 1954 1351 ΒΙ,

246 1368 453 1422 ἀναβῆναί
489 1384 536 1422 με
582 1371 648 1410 δεῖ
678 1370 685 1423 Ι
719 1369 871 1423 κλίμακ’
921 1370 948 1424 ἢ
993 1372 1167 1423 τείχισμα
1210 1373 1281 1413 vel
1333 1369 1695 1424 ἀναβῆν’ἀσφαλῶς
1735 1375 1740 1426 Ι
1776 1377 1947 1424 κλιμα-

245 1437 422 1478 κίδιόν
467 1437 627 1488 <εἰμι>
667 1439 897 1487 Καπανεύς.
928 1440 978 1479 In
1010 1440 1232 1488 posterius
1263 1442 1308 1479 et
1338 1440 1431 1488 ipse
1462 1440 1612 1490 incidi,
1645 1442 1723 1481 sed
1754 1442 1951 1481 retinens

244 1505 410 1546 tradita
449 1503 655 1557 ἀναβῆναί
691 1521 728 1545 τι
767 1505 879 1559 πρὸς.
920 1507 1015 1547 Non
1057 1508 1175 1547 enim
1219 1507 1344 1547 video
1375 1507 1525 1556 quidni
1556 1505 1791 1559 ἀναβαίνειν
1823 1508 1952 1559 πρὸς

245 1573 417 1625 κλίμακα
449 1574 602 1613 eodem
633 1574 726 1613 iure
756 1573 939 1624 dicatur,
973 1584 1057 1622 quo
1087 1574 1407 1623 Aristophanes
1439 1574 1551 1613 dixit
1581 1574 1690 1614 Nub.
1724 1575 1836 1615 1486
1869 1573 1952 1614 ἐπὶ

246 1640 418 1692 κλίμακα
453 1664 505 1669 -
537 1639 783 1693 ἀναβαίνων.
826 1641 923 1692 Εἰμι
965 1644 1114 1681 autem
1146 1642 1290 1681 addidi
1331 1652 1386 1681 ex
1432 1642 1679 1682 Eustathio.
1714 1664 1763 1671 —
1800 1642 1875 1682 VS.
1909 1644 1949 1683 7.

246 1708 470 1756 κονδύλους
508 1708 690 1747 πλάττειν
729 1708 993 1748 ludibundus
1035 1711 1165 1758 poeta
1203 1700 1327 1758 dicit,
1368 1709 1567 1748 alludens
1615 1710 1668 1750 ad
1714 1709 1953 1761 κανδύλους,

247 1778 403 1817 notum
435 1777 750 1825 ‘placentae
796 1787 934 1825 genus
990 1776 1057 1822 (cf.
1106 1778 1179 1816 Ar.
1227 1777 1325 1815 Pac.
1377 1777 1490 1822 123).
1542 1776 1682 1816 Locus
1729 1777 1951 1817 immerito

246 1844 524 1893 sollicitatur,
566 1845 611 1883 et
650 1844 855 1892 quamvis
891 1844 1054 1883 dudum
1088 1844 1169 1883 hoc
1199 1844 1467 1893 monuerim,
1499 1844 1742 1884 novissime
1773 1854 1800 1883 a
1829 1844 1953 1893 Blay-

248 1911 368 1951 desio
400 1911 679 1960 ineptissima
709 1912 957 1951 coniectura
987 1911 1147 1950 πάττειν
1179 1912 1224 1951 et
1254 1911 1367 1950 aliis.

189 1979 259 2020 Fr.
291 1979 332 2028 7,
369 1980 389 2018 1
423 1980 468 2018 et
500 1979 539 2017 2.
573 1978 796 2028 Quomodo
837 1979 881 2017 hi
919 1978 1003 2018 duo
1036 1989 1126 2018 vss.
1159 1979 1423 2018 cohaereant
1455 1978 1566 2018 mihi
1597 1978 1830 2018 obscurum
1864 1981 1950 2033 est,

246 2056 327 2086 nec
361 2045 651 2095 dispelluntur
685 2046 891 2085 tenebrae
923 2046 1145 2094 Blaydesii
1185 2046 1435 2085 coniectura
1475 2046 1549 2096 γάρ
1580 2044 1679 2084 εἰσιν
1710 2044 1849 2084 αὑταιί
1876 2056 1952 2095 pro

247 2111 626 2165 παρεσκευασμέναι.
668 2134 717 2140 -
753 2113 827 2153 Vs.
857 2114 899 2153 4.
936 2127 978 2165 γε
1004 2123 1081 2162 pro
1107 2112 1149 2151 τὸ
1176 2113 1405 2152 Headlam.
1434 2112 1577 2152 Verba
1607 2113 1766 2152 ultima
1796 2111 1862 2151 καὶ
1896 2135 1949 2141 —-

249 2179 468 2230 Λακωνική
514 2180 699 2220 obscura
744 2182 849 2219 sunt
888 2180 1140 2229 Blaydesio,
1184 2180 1257 2228 qui
1288 2181 1406 2219 recte
1436 2189 1647 2228 personae
1679 2181 1730 2219 A.
1774 2181 1952 2220 reddere

251 2247 437 2296 videtur,
470 2257 550 2286 nec
580 2247 674 2296 ipse
705 2247 902 2296 expedio.

192 2315 260 2356 Fr.
289 2316 330 2365 9,
353 2316 390 2355 1.
414 2314 625 2363 corrupta
650 2317 754 2354 sunt
782 2315 914 2354 verba
939 2314 1094 2353 πάλαι
1125 2312 1258 2353 ποτέ.
1287 2314 1382 2354 Non
1407 2314 1573 2364 inepte,
1601 2315 1679 2354 sed
1697 2315 1951 2365 violentius,

251 2382 374 2422 Kock
429 2381 758 2429 ὑδατοπότας
814 2382 1018 2432 coniecit,
1079 2382 1147 2422 cui
1203 2382 1441 2430 suspicioni
1489 2383 1607 2421 certe
1652 2382 1955 2431 posthabenda

253 2450 470 2499 Blayde-ii
501 2451 754 2489 commenta
784 2449 933 2500 μόνους
966 2449 1117 2498 σοφούς
1148 2449 1218 2488 vel
1243 2448 1362 2487 πάλαι
1396 2449 1524 2497 (quod
1551 2450 1763 2498 ineptum)
1789 2450 1953 2499 σοφούς.

253 2517 319 2556 Me
359 2517 554 2556 nondum
586 2517 783 2566 poenitet
808 2517 989 2556 lenioris
1014 2527 1146 2565 quam
1178 2516 1381 2566 proposui
1418 2516 1680 2556 mutationis
1710 2517 1954 2555 ταλαντά-

252 2598 395 2634 τους,
433 2583 616 2633 probata
645 2594 745 2623 cum
785 2584 964 2632 reliquis
995 2584 1159 2623 criticis
1190 2583 1393 2623 Meinekii
1423 2584 1690 2623 correctione
1719 2582 1956 2635 λεγομένους

252 2661 329 2701 pro
357 2649 594 2703 γινομένους
625 2654 705 2698 (vs.
740 2652 794 2697 2).
830 2674 883 2680 —
916 2651 990 2691 Vs.
1024 2652 1064 2691 8.
1097 2651 1218 2702 ἰχθύν
1249 2661 1326 2701 pro
1357 2650 1475 2702 ἰχθῦς
1502 2651 1611 2690 citra
1641 2651 1954 2692 necessitatem

253 2718 342 2766 Bl.;
374 2718 415 2758 si
440 2718 542 2766 quid
573 2718 633 2757 sit
664 2719 944 2769 mutandum,
978 2719 1131 2759 eodem
1162 2720 1255 2758 iure
1287 2719 1430 2767 possis
1460 2717 1555 2769 κρέα
1586 2728 1662 2767 pro
1693 2717 1821 2769 κρέας.

196 2786 264 2826 Fr.
300 2786 368 2835 10,
401 2787 443 2825 3.
474 2787 614 2836 θύμου
645 2797 722 2835 pro
754 2786 900 2836 θύμων
931 2786 1085 2826 malim
1119 2796 1218 2826 cum
1251 2786 1314 2825 Bl.
1348 2785 1454 2825 Vitii
1490 2795 1624 2825 causa
1654 2785 1737 2825 fuit
1767 2796 1955 2834 sequens

254 2852 449 2905 λαχάνων.
468 2852 613 2893 -Vs.
647 2854 672 2892 4
705 2851 900 2904 μηδέποτε
935 2864 1011 2902 pro
1047 2852 1146 2905 πρὸς
1177 2852 1219 2892 τὸ
1251 2851 1304 2903 μὴ
1331 2853 1465 2902 idem,
1494 2854 1540 2891 at
1567 2852 1619 2891 cf.
1650 2862 1714 2892 VS.
1737 2854 1757 2892 1
1787 2851 1886 2904 πρὸς
1912 2852 1955 2892 τὸ

254 2926 409 2972 πεινῆν.
429 2943 482 2949 -
501 2921 667 2960 Ibidem
684 2931 761 2970 pro
786 2919 845 2972 ρύ
857 2934 917 2959 πο
929 2935 948 2967 ς
976 2921 1076 2966 (nisi
1093 2921 1204 2960 forte
1221 2919 1442 2969 probanda
1458 2921 1527 2958 est
1544 2920 1793 2970 aptissima,
1822 2930 1953 2969 quam

255 2991 430 3038 propter
457 2989 713 3028 violentiam
739 2988 859 3028 Kock
886 2988 1115 3028 damnavit
1142 2990 1270 3026 vetus
1295 2997 1395 3026 mea
1420 2987 1624 3036 suspicio)
1642 2997 1957 3037 nuncpropono

257 3054 422 3106 κάπρο
435 3071 473 3106 ς,
498 3055 611 3104 quod
634 3048 876 3096 convitium
894 3056 1027 3095 etiam
1047 3055 1224 3103 gravius
1242 3056 1309 3093 est
1326 3064 1455 3102 quam
1475 3058 1565 3103 σῦς,
1590 3064 1701 3102 quae
1718 3054 1858 3094 bestia
1874 3054 1955 3094 sal-

256 3124 349 3163 tem
374 3123 428 3163 ab
454 3122 660 3172 agricolis
685 3123 907 3162 interdum
933 3123 1120 3162 lavatur.
1140 3144 1194 3150 —
1213 3122 1287 3161 Vs.
1307 3122 1346 3160 7.
1374 3122 1556 3161 Frustra
1582 3121 1646 3160 Bl.
1665 3123 1815 3161 tuetur
1840 3116 1953 3171 μήθ’

259 3187 408 3241 ὁρᾶν,
454 3190 593 3239 quod
641 3190 831 3239 pulvis
873 3190 1054 3229 visum
1096 3189 1388 3238 impediat,
1432 3198 1519 3228 non
1561 3190 1770 3237 reputans
1811 3189 1955 3237 ipsum

259 3257 485 3307 pulverem
517 3258 601 3298 dici
626 3267 711 3297 non
737 3267 864 3307 posse
896 3267 1001 3296 non
1033 3257 1238 3296 videre.
1272 3256 1467 3304 Reliquis
1493 3256 1755 3295 coniecturis
1782 3255 1957 3294 accedat
