2216 3522
1049 231 1143 270 ·54

237 354 306 395 Fr.
340 356 410 396 59.
459 356 539 398 (τὸ
580 355 674 405 πέος
711 354 802 399 av>
848 354 1053 405 ἒψᾶθαλλε
1092 356 1196 402 λεῖος
1233 352 1290 394 ὢν
1326 352 1531 396 <πάνυ>.
1563 354 1648 404 Bi„
1692 354 1768 405 qui
1798 354 1873 396 cst.
1904 369 2001 394 κνα-

295 422 459 463 odiam
490 425 671 466 ductum
703 436 730 465 a
759 430 878 476 κνῆν,
909 426 957 464 ut
988 422 1215 474 ψαθᾶλλειν
1247 433 1273 463 a
1302 427 1402 474 ψῆν.

237 489 303 530 Fr.
337 492 407 531 65.
440 490 681 542 ἐπινέφελος.
708 492 770 533 Cr.
806 491 989 533 verbum
1022 488 1241 541 ἐπινέφειν.
1273 490 1375 531 Sine
1408 499 1543 531 causa
1571 489 1637 531 Bl.
1668 487 1938 542 περινέφελος.

237 557 304 598 Fr.
338 560 408 598 66.
441 558 542 598 ἴσσα.
575 559 637 600 Cf.
671 560 861 600 Herond.
895 559 957 599 III
989 559 1059 599 93.

238 625 304 665 Fr.
332 627 403 667 67.
452 628 566 667 Ante
607 628 670 668 Bl.
714 627 883 668 contuli
925 627 1034 667 Rau.
1068 626 1154 667 854
1197 624 1399 681 κεφαλαίῳ
1445 624 1609 677 §riperta
1651 625 1722 666 hic
1761 625 1837 666 cst.
1878 623 2001 666 Com.

293 703 420 734 anon.
455 695 513 734 IV
545 697 630 735 663
664 696 717 736 M.
750 692 940 746 ἁμαξιαῖα
971 693 1138 746 ῥήματα.
1173 716 1225 722 -
1261 691 1335 733 VS.
1370 693 1396 732 2
1422 693 1487 733 Bl.
1515 691 1719 745 παραστὰς
1744 690 2002 744 συμμοχλιύω

293 762 495 813 coniecit,
525 774 605 813 ego
631 763 736 803 olim
764 760 963 814 παρεστὼς
990 760 1253 812 διαμοχλεύω,
1278 761 1355 801 sed
1372 761 1563 802 fortasse
1594 762 1714 801 recte
1729 760 1794 801 Bl.
1811 758 2004 812 ῥήματος-ὅ

295 829 341 869 B.
356 830 480 885 τούτῳ
507 830 681 880 waplam)
708 829 773 869 καὶ
800 829 963 881 μόχλευε
989 827 1057 876 τὰς
1083 826 1238 880 πέτρας.
1264 827 1327 868 De
1343 829 1567 869 sententia
1581 838 1668 869 non
1685 828 1798 868 satis
1813 827 2003 869 constat.

234 897 301 936 Fr.
336 897 405 947 68,
440 898 478 938 2.
513 898 645 939 Recte
676 897 812 950 ψυχήν
843 898 950 945 (cod.
983 895 1109 948 ψυχή)
1141 897 1238 936 sine
1269 896 1458 937 articulo
1484 906 1571 937 non
1597 896 1685 936 fert
1709 895 1795 946 BL,
1821 893 2004 935 sednon

294 965 438 1014 magis
477 965 705 1006 ferendum
743 964 853 1017 ψυχὴ
885 966 930 1005 in
962 965 1103 1015 ipsius
1134 964 1387 1004 coniectura
1417 974 1494 1014 pro
1529 960 1555 1015 ἡ
1590 962 1713 1016 ψυχή.
1746 962 2003 1013 scripserim

294 1032 341 1071 B.
374 1031 417 1072 τὸ
448 1033 560 1084 σῶμά
590 1030 679 1086 γ’,ἡ
708 1030 716 1085 Ι
743 1031 854 1085 ψυχὴ
886 1029 923 1073 δ’
958 1030 1123 1083 ἀνήκειν
1154 1030 1284 1084 ὥσπερ
1312 1030 1507 1071 Αἰσώπου
1534 1027 1649 1082 (εὴ
1682 1030 1876 1070 Αἰσώπου
1902 1038 2006 1070 cum

294 1099 385 1146 illo)
418 1099 522 1140 ποτέ,

234 1168 301 1207 Fr.
335 1169 405 1219 69,
440 1170 479 1209 2.
528 1169 770 1210 verissime
811 1166 1005 1221 εἰσφέρεις
1047 1178 1124 1218 pro
1166 1166 1342 1220 ἐκφέρεις
1374 1168 1461 1217 Bl.;
1503 1178 1570 1208 vs.
1603 1168 1630 1208 3
1672 1167 1790 1208 idem
1822 1163 1933 1220 κάγώ
1960 1178 2006 1219 γε

288 1239 379 1285 (pro
411 1234 468 1283 δὲ)
501 1237 596 1278 sine
628 1237 916 1286 necessitate;
949 1246 1015 1276 vs.
1049 1238 1075 1276 5
1110 1246 1210 1276 cum
1247 1235 1401 1276 eodem
1436 1235 1571 1286 probo
1606 1235 1757 1276 Cobeti
1786 1234 2005 1275 coniectu·

292 1314 410 1352 ram;
455 1315 518 1344 vs.
563 1305 589 1344 9
632 1304 967 1354 Elmsleianam,
1016 1315 1094 1354 pro
1135 1314 1222 1353 qua
1272 1304 1422 1344 minus
1466 1303 1625 1344 leniter
1668 1304 1763 1354 ipse
1804 1300 2008 1353 proponit

291 1369 551 1421 ἐπιτέθεικεν,
574 1382 685 1421 quae
713 1383 798 1413 non
825 1375 895 1412 est
917 1373 1063 1413 forma
1089 1372 1259 1422 Attica,
1288 1372 1366 1412 sed
1383 1369 1630 1423 ἔπιτέθηκεν.
1650 1394 1699 1399 -
1719 1370 1796 1412 Vs.
1818 1371 1872 1411 10
1886 1369 2007 1411 idem

292 1449 402 1478 corr.
445 1435 568 1478 αὑτὸν
612 1443 685 1486 (sc.
719 1438 787 1479 τὸν
818 1436 1028 1494 τρίγωνον)
1061 1450 1138 1490 pro
1170 1437 1289 1489 αὐτὸ,
1328 1441 1375 1479 at
1405 1439 1755 1480 instrumentum
1785 1437 2008 1479 musicum

292 1508 449 1546 neutro
476 1517 635 1556 genere
661 1507 873 1557 appellari
905 1508 1103 1558 potuisse
1135 1506 1307 1547 docebit
1340 1506 1553 1556 Stephani
1583 1506 1713 1547 Thes.
1745 1504 1874 1546 Dind.
1904 1515 1942 1546 e.
1966 1514 2009 1545 V.

293 1573 373 1613 VII
407 1574 521 1614 2426
556 1585 620 1624 sq.

235 1641 301 1681 Fr.
336 1642 405 1681 71.
450 1641 510 1682 De
548 1642 751 1683 Meinekii
785 1644 1038 1683 coniectura
1068 1640 1222 1693 πλήσας
1253 1651 1329 1691 pro
1359 1639 1510 1692 πάσας,
1542 1641 1727 1692 probata
1755 1638 2008 1692 Blaydesio,

292 1709 489 1749 nonnihil
521 1709 690 1759 dubito,
726 1722 827 1751 cum
861 1711 964 1760 quia
993 1721 1078 1751 non
1112 1711 1180 1750 est
1212 1709 1465 1750 necessaria
1496 1710 1564 1757 (cf.
1592 1709 1748 1760 Kock),
1781 1710 1879 1750 tum
1905 1706 2009 1758 quia

294 1777 487 1817 comicae
529 1778 733 1818 dictionis
775 1781 845 1819 est
886 1777 1171 1829 ἐμπιμπλάναι.
1220 1776 1458 1817 Menandro
1500 1777 1546 1817 in
1587 1775 1855 1830 Ἀνδρογύνου
1894 1775 1948 1816 1ἰ·.
1979 1775 2007 1816 5

294 1845 399 1886 olim
431 1847 597 1887 reddidi
629 1846 830 1900 πληγὰς
863 1858 939 1897 pro
971 1846 1136 1898 πλήσας.
1874 1855 1877 1858 Χ

237 1912 303 1952 Fr.
333 1913 403 1953 77.
432 1914 481 1953 In
509 1915 715 1964 antiquae
748 1915 1000 1955 comoediae
1029 1916 1158 1964 poeta
1183 1915 1356 1965 requiro
1387 1918 1533 1970 κλῇν,
1561 1909 2007 1967 παρακλῄδιον.-

296 1980 551 2030 Quaesitum
608 1993 634 2022 a
690 1984 818 2032 poeta
873 1982 1223 2032 parallelismum
1280 1983 1445 2033 frangit
1490 1981 1712 2032 Blaydesii
1757 1979 2012 2021 coniectura

297 2045 493 2099 παράσημ’
530 2047 636 2088 ἅττα.

237 2115 303 2154 Fr.
337 2116 407 2155 82.
441 2114 482 2155 δὲ
514 2128 600 2157 non
635 2118 832 2159 Platonis
863 2128 980 2168 esse,
1014 2119 1093 2158 sed
1124 2119 1318 2160 Pollucis
1349 2119 1459 2160 bene
1490 2118 1696 2159 observat
1725 2116 1791 2157 Bl.

237 2182 303 2221 Fr.
338 2184 407 2222 88.
450 2184 637 2225 Probata
676 2197 776 2226 mea
814 2186 1103 2236 correctione,
1144 2189 1262 2227 recte
1293 2187 1358 2227 Bl.
1392 2188 1542 2228 tuetur
1572 2184 1642 2235 οὐ,
1670 2185 1815 2236 posito
1846 2183 1891 2223 in
1921 2181 2010 2223 fine

297 2250 594 2300 interrogandi
626 2253 766 2303 signo.

240 2316 306 2357 Fr.
340 2318 409 2357 84.
444 2318 622 2359 Rectius
655 2321 850 2362 Meineke
876 2320 1084 2372 ἐντεῦθεν,
1115 2333 1199 2372 quo
1226 2323 1423 2364 admisso
1449 2322 1514 2363 Bl.
1542 2322 1688 2363 teniat
1713 2319 1797 2372 ἥξει
1822 2318 1930 2366 (cod.
1946 2318 2010 2366 P.)

296 2384 443 2436 λύχιον
479 2384 485 2437 Ι
529 2386 668 2438 <quw
699 2399 733 2428 s.
768 2387 943 2441 φέρων>
974 2389 1160 2440 δίμυξον,
1202 2391 1278 2431 sed
1310 2391 1441 2441 plane
1481 2388 1646 2430 sufficit
1679 2387 1885 2430 Meinekii
1921 2395 2009 2427 cor·

298 2453 450 2493 rectio.
484 2454 567 2494 Vix
600 2458 717 2496 recte
749 2455 882 2496 αὐτῶν
914 2467 993 2507 pro
1023 2471 1158 2509 ακρων
1190 2459 1302 2498 coni.
1334 2458 1470 2499 Kock.
1503 2457 1566 2498 Cf.
1599 2458 1672 2497 Ar.
1705 2455 1814 2497 Ach.
1846 2454 1949 2496 688.

242 2520 307 2559 Fr.
343 2521 412 2560 85.
446 2521 580 2562 Recte
612 2523 675 2563 Bl.
708 2524 977 2575 λυχνούχους;
1011 2525 1058 2565 Β.
1092 2524 1259 2576 δηλαδή.

243 2586 309 2626 Fr.
342 2588 411 2627 86.
444 2587 492 2627 οὐ
525 2599 601 2638 pro
633 2589 686 2640 μή
719 2590 783 2631 Bl.
812 2591 932 2642 Quod
961 2601 1115 2632 verum
1142 2602 1240 2633 esse
1264 2594 1428 2643 potest,
1456 2593 1560 2642 quia
1586 2592 1702 2632 haud
1728 2601 1828 2632 raro
1842 2589 2009 2631 librarii

299 2657 529 2705 utramque
563 2658 763 2699 voculam
795 2661 970 2709 propter
1001 2661 1256 2709 sequiorum
1289 2670 1420 2700 usum
1449 2660 1735 2701 confundunt.
1767 2658 1829 2699 De
1854 2657 2009 2699 eadem

300 2724 567 2764 correctione
598 2727 643 2765 et
674 2726 765 2775 ipse
797 2727 1111 2776 cogitaveram.

244 2789 309 2828 Fr.
343 2791 412 2829 90.
457 2791 679 2841 Optimam
713 2793 862 2834 Cobeti
893 2794 1248 2835 emendationem
1280 2797 1556 2848 παλαιογενῶν
1587 2795 1630 2842 (i.
1662 2804 1700 2835 e.
1732 2791 2011 2846 αὐτοχθόνων)
2066 2783 2088 2797 ”

301 2867 386 2896 non
413 2858 632 2900 intellexit
662 2860 784 2901 Kock
811 2863 875 2907 (ut
900 2861 1003 2902 alibi
1030 2863 1217 2913 monui),
1244 2863 1339 2913 ipse
1357 2862 1591 2903 infeliciter
1607 2860 1828 2903 coniciens
1848 2874 2010 2913 ματαιο-

302 2923 448 2975 λόγων,
487 2927 597 2974 quod
636 2928 753 2968 male
785 2929 873 2969 coit
904 2938 1005 2969 cum
1038 2930 1318 2979 παντοσόφων.
1352 2930 1416 2970 Bl.
1450 2930 1578 2970 malit
1609 2926 1897 2982 παλαιγενέων,
1925 2928 2008 2970 101·-

303 2993 422 3030 tasse
451 2996 566 3032 recte
594 3005 808 3046 reponens
834 2996 965 3035 πάντα
992 3002 1150 3047 σοφῶν,
1176 3007 1310 3047 quam
1338 2998 1636 3038 coniecturam
1660 2997 1751 3047 ipse
1768 2995 2011 3047 corrumpit

303 3058 498 3099 addendo
535 3061 630 3109 „vel
657 3065 1000 3115 κομψοπρεπῶν.”

248 3124 312 3165 Fr.
347 3127 417 3175 91,
456 3128 490 3166 1.
527 3129 639 3168 τοῦτό
672 3145 758 3170 νυν.
792 3131 856 3172 Bl.

248 3194 312 3232 Fr.
348 3195 417 3233 913.
466 3192 627 3238 ςτὶλΐ>
675 3195 837 3250 ὡσπερεὶ
881 3197 898 3251 ΙΙ
938 3197 1030 3247 τοὺς
1079 3199 1340 3248 πουλύποδάς
1378 3211 1460 3241 <σε
1502 3198 1596 3248 τοὺς
1635 3198 1804 3248 addae>
1844 3198 2010 3254 τρώγειν

305 3259 402 3312 ἔφη
436 3265 527 3312 (pro
563 3263 757 3316 πρώτιστά
790 3270 845 3313 σε)
880 3268 1107 3317 ingeniose
1138 3267 1203 3308 Bl.
