2216 3522
1095 202 1181 240 214

258 326 324 365 Fr.
359 326 458 366 775.
501 324 586 365 Cur
616 325 680 365 Bl.
723 324 852 365 malit
891 327 972 372 τοῖς
1012 323 1144 376 λόγοις
1186 322 1347 364 vellem
1389 321 1672 373 explicasset,
1714 322 1861 372 aptius
1897 322 2018 364 enim

317 393 489 433 videtur
528 393 739 433 traditum
781 398 833 447 τῷ
872 391 994 447 λόγῳ,
1034 391 1284 442 oppositum
1323 395 1375 444 τῷ
1407 387 1520 445 ἔργῳ.
1559 389 1643 430 Sed
1673 399 1854 440 prorsus
1883 390 2019 431 incre·

316 460 445 500 dibile
475 462 544 500 est
574 459 761 500 eundem
792 460 838 499 in
870 459 922 500 fr.
955 460 1041 499 776
1073 467 1312 509 proponere
1343 467 1503 498 ausum
1534 467 1655 498 esse:

730 527 849 578 φύσει
880 527 997 573 (Sici)
1030 524 1132 579 ἔχειν
1162 523 1326 577 ἄριστόν
1358 522 1438 564 ἐστι
1468 522 1543 565 urb.

314 595 494 635 Tradita
523 595 742 645 scriptura
771 594 880 634 nihil
911 595 1066 635 sanius
1097 593 1279 644 cogitari
1310 594 1470 643 potest.

258 664 324 703 Fr.
359 663 458 703 778.
492 663 557 703 Bl.
603 663 676 703 cft.
715 662 872 703 'l'elecL
914 662 955 702 11
992 662 1078 702 382
1111 662 1164 702 M.
1208 664 1252 702 et
1293 660 1517 701 Menandri
1547 661 1599 701 fr.
1632 660 1733 711 827,
1767 659 1808 700 2.
1850 659 2021 701 Similia

315 731 456 771 multa
486 731 583 771 addi
615 733 812 780 possunt.

258 799 324 838 Fr.
359 799 458 839 782.
492 799 541 838 In
574 798 807 839 verisimili
838 798 993 838 Kockii
1019 797 1270 838 coniectura
1300 794 1525 853 <ἒχᾶρην>
1548 791 1729 847 Ἑκάβην
1754 791 2022 844 ὀτοτύζονσαν

315 864 389 905 κτὲ.
431 866 543 912 (0011.
585 866 693 906 Ran.
732 866 857 912 1028)
900 865 1133 915 Blaydesio
1174 863 1452 914 displicuisse
1491 863 1690 914 suspicor
1728 861 1880 915 χαίρειν
1918 872 2021 904 cum

315 944 423 983 acc„
456 934 603 973 minus
634 934 819 974 feliciter
844 934 1102 984 proponenti
1132 928 1279 974 <εῖδον
1305 929 1402 974 δ’>.
1434 933 1495 973 At
1520 932 1573 973 cf.
1600 932 1654 972 de
1684 931 1767 971 hac
1799 932 2024 989 structura

315 1002 413 1041 Eur.
446 1001 573 1051 Hipp.
611 1002 737 1042 1340.
770 1002 902 1041 Rhes.
935 1002 1022 1042 890
1054 1003 1099 1041 et
1130 1000 1414 1041 Valckenaer.
1447 1000 1501 1040 ad
1531 999 1694 1040 Phoen.
1729 999 1835 1048 711;
1866 998 2023 1048 quodsi

315 1079 417 1109 vero
457 1079 564 1109 num
606 1069 723 1109 idem
766 1079 873 1109 usus
912 1069 1092 1109 comicis
1124 1068 1389 1109 concedatur
1420 1067 1614 1118 dubitas,
1647 1066 1758 1107 nihil
1789 1067 1912 1108 vetat
1939 1076 2023 1108 nos

311 1146 488 1176 sumere
534 1137 578 1176 in
619 1137 890 1186 praegressis
931 1137 1068 1177 fuisse
1100 1135 1198 1176 ἰδών
1239 1136 1523 1186 (iungendum
1556 1145 1657 1176 cum
1689 1132 1869 1187 ἐχάρην),
1907 1134 2022 1176 unde

311 1204 515 1254 suspensi
546 1205 709 1245 fuerint
739 1205 994 1245 accusativi.

254 1272 322 1311 Fr.
356 1272 455 1311 784.
495 1272 742 1323 „lassavmtov
774 1273 869 1313 ioco
900 1274 1181 1323 inexpectato
1212 1283 1289 1322 pro
1320 1270 1457 1324 βοός.”
1489 1271 1554 1311 Β1.

255 1340 322 1379 Fr.
356 1340 455 1380 790.
488 1339 550 1380 Cf.
583 1341 719 1380 Arist.
753 1341 929 1381 Thesm.
964 1341 1049 1381 529
1082 1351 1146 1390 sq.
1179 1341 1225 1380 et
1255 1339 1436 1380 scholia.
1457 1361 1511 1368 -
1535 1339 1724 1383 Mettum
1755 1347 1855 1380 esse
1883 1338 2020 1380 chori·

314 1407 536 1447 ambicum
568 1409 721 1448 monet
752 1408 815 1448 Bl.

255 1476 322 1515 Fr.
356 1476 457 1515 793.
499 1473 628 1526 αὐτὴ
671 1480 767 1514 νῦν
797 1472 823 1526 ἡ
855 1475 1017 1526 σοφία
1049 1476 1121 1530 ζῇ·
1154 1472 1221 1514 ἐπί
1244 1488 1350 1522 τινος
1381 1473 1705 1525 εὐδοκιμοῦντος.
1737 1474 1855 1515 Β.Α.
1888 1473 1930 1525 9,
1952 1474 2021 1515 16.

317 1544 445 1593 „Sine
487 1544 616 1583 dubio
658 1554 759 1583 cum
799 1544 939 1584 ironia
970 1543 1184 1583 dictum.”
1226 1542 1362 1583 Kock.
1394 1542 1481 1592 Ita,
1514 1541 1593 1582 sed
1624 1542 1841 1583 incertum
1872 1542 2023 1582 utrum

219 1659 231 1664 -
313 1612 419 1651 haec
450 1607 512 1652 sit
543 1621 648 1651 vera
678 1611 807 1651 lectio
834 1621 888 1651 an
915 1611 1062 1661 potius
1087 1609 1239 1662 αὕτηε
1272 1610 1393 1651 Ista
1424 1611 1532 1656 (tam
1564 1619 1702 1660 prava
1731 1609 1842 1657 scil.)
1878 1618 2022 1650 nunc

317 1679 473 1728 viget
504 1678 817 1728 sapientiai

256 1747 323 1786 Fr.
359 1747 458 1786 798.
506 1747 916 1787 Pseudo-lucianum
963 1756 1019 1786 ex
1065 1748 1170 1787 noto
1217 1745 1422 1794 Equitum
1476 1745 1571 1787 loco
1617 1745 1849 1796 scripsisse
1893 1742 2023 1798 ἄρας

315 1817 406 1862 (pro
438 1813 579 1861 αὐτοῦ)
620 1812 812 1862 ἐπάταξεν
854 1814 959 1854 olim
1002 1814 1179 1855 conieci.
1222 1814 1345 1853 Idem
1378 1823 1495 1853 nunc
1525 1815 1575 1854 ut
1605 1823 1737 1854 suum
1767 1812 1928 1864 repetit
1956 1811 2022 1853 Bl.

314 1881 396 1921 Hic
426 1882 471 1921 in
503 1882 708 1931 Diogenis
739 1882 834 1922 loco
866 1881 982 1922 delet
1013 1881 1070 1933 εἰ,
1103 1882 1185 1922 sub
1218 1892 1302 1931 quo
1334 1881 1524 1922 fortasse
1554 1881 1663 1922 latet
1695 1879 1765 1921 ὅτι.

256 1949 323 1988 Fr.
356 1949 455 1988 800.
490 1948 741 1989 Demetrius
781 1949 833 1989 de
875 1949 1120 1989 elocutione
1166 1950 1272 1990 161:
1307 1971 1362 1977 -—
1394 1946 1458 1988 ἐπὶ
1500 1945 1543 1988 δὲ
1579 1953 1658 1988 τῶν
1693 1948 1863 2003 Θρᾳκῶν
1893 1945 2023 2001 ἔτερος

317 2017 542 2062 (comicus)
561 2015 619 2055 ὅτι
637 2016 890 2068 Μηδόκης
918 2014 939 2055 ὁ
966 2016 1219 2069 βασιλεὺς
1244 2017 1375 2069 βοῦν
1402 2014 1589 2068 ἔφερεν
1617 2014 1740 2056 ὅλον
1766 2014 1820 2055 ἐν
1844 2014 2022 2072 γνάθῳ·

374 2083 556 2124 Dixerat
586 2084 773 2124 fortasse
805 2086 958 2134 poeta:

1407 2151 1608 2204 Μηδόκης

611 2219 715 2271 βοῦν
747 2218 887 2271 ἔφερεν
921 2219 1015 2260 ὅλον
1047 2218 1090 2259 ἐν
1122 2222 1235 2260 τοῖν
1266 2219 1498 2273 γνάθοιν
1528 2229 1714 2275 ῧ-υὲέ.

257 2286 323 2325 Fr.
357 2286 456 2326 807.
500 2286 626 2336 Apud
666 2287 905 2328 Zenobium
948 2287 1214 2337 probabilius
1246 2287 1442 2328 Meineke
1473 2286 1641 2327 οἰκοῦσα
1672 2286 1859 2328 coniecit
1888 2295 2022 2336 quam

316 2353 379 2393 Bl.
414 2352 487 2393 οὐκ
520 2352 596 2405 ἔχει
643 2365 721 2405 pro
754 2354 887 2403 οἰκεῖς.

258 2421 323 2460 Fr.
358 2422 457 2461 814.
502 2422 821 2463 Tertullianum
862 2423 1074 2473 tragici
1114 2434 1190 2474 pro
1233 2423 1435 2464 comici
1474 2423 1665 2464 scribere
1696 2421 1898 2462 debuisse
1928 2421 2022 2463 iure

317 2491 467 2528 monet
499 2489 662 2530 Nauck.
696 2491 792 2532 Mel.
825 2491 884 2530 VI
915 2501 956 2541 p.
993 2492 1089 2532 166.

258 2555 322 2595 Fr.
357 2557 456 2606 818.
491 2557 722 2598 Eustathio
755 2556 776 2597 ὁ
809 2558 1125 2610 ὑποκρινόμενος
1157 2569 1234 2608 pro
1266 2556 1286 2598 ὁ
1313 2557 1593 2609 σκωπτόμενος
1625 2556 1749 2598 reddi
1779 2556 1903 2599 iubet
1931 2556 2019 2608 BL,

316 2624 411 2663 coll.
445 2624 581 2665 schol.
616 2625 724 2666 Ran.
758 2627 828 2666 55.
1781 2655 1804 2680 2>

261 2691 325 2731 Fr.
359 2693 457 2732 840.
492 2692 586 2733 Vid.
620 2704 753 2743 supra
785 2694 837 2733 ad
870 2693 921 2734 fr.
957 2694 1056 2734 381.

259 2759 323 2797 Fr.
358 2760 457 2799 860.
491 2760 920 2812 παρακεκινηκὼς
955 2757 1017 2811 ὐφ’
1055 2758 1222 2812 ἡλικίας.
1255 2759 1363 2801 ΡΟῙῙ.
1397 2761 1439 2801 II
1476 2762 1542 2801 16.
1576 2760 1640 2801 Bl.
1673 2759 1862 2801 coniecit
1891 2772 2020 2813 παρα-

318 2826 532 2878 νενοηκὼς,
562 2828 675 2877 quod
705 2829 743 2868 si
778 2838 929 2869 verum
961 2831 1098 2879 esset,
1138 2827 1293 2868 Pollux
1324 2827 1366 2868 ld
1397 2828 1553 2868 statim
1585 2828 1890 2869 coniunxisset
1918 2836 2020 2869 cum

315 2904 568 2943 praegresso
610 2902 837 2946 παρανοῶν.
879 2896 962 2937 Sed
1003 2897 1168 2947 optime
1209 2906 1257 2936 se
1299 2895 1458 2936 habere
1501 2895 1727 2946 vulgatam
1762 2894 2020 2948 εμεμηνώς

316 2961 526 3012 Platonis,
562 2962 882 3014 Xenophontis,
916 2964 1185 3014 Theopompi
1217 2963 1403 3004 aliorum
1435 2964 1692 3004 testimonia
1721 2963 1943 3005 evincunt.

261 3028 324 3067 Fr.
360 3030 459 3069 879.
504 3030 637 3070 Recte
683 3031 798 3071 idem
847 3042 923 3081 pro
970 3028 1183 3083 ὀνυχιμαῖα
1230 3030 1453 3081 postulare
1494 3028 1678 3083 ὀνυχιαῖα
1720 3030 1906 3071 videtur.
1954 3029 2018 3072 Cf.

316 3096 519 3146 ποδιαῖος,
550 3100 768 3149 πυγμαῖος,
798 3101 1013 3150 πηχυαῖος,
1042 3100 1321 3149 παλαστιαῖος,
1352 3098 1452 3139 alia.

260 3162 326 3202 Fr.
363 3164 461 3203 880.
506 3162 715 3215 ὀξερίας
766 3165 884 3217 τυρός
932 3167 1007 3206 vix
1050 3176 1223 3207 sanum.
1271 3166 1406 3207 Recte
1453 3166 1644 3207 fortasse
1692 3165 1868 3219 ξερίας
1906 3165 1947 3213 (i.
1979 3175 2017 3207 e.

316 3230 448 3280 ξηρὸς)
482 3233 669 3273 coniecit
699 3233 896 3274 schulze.
