2216 3522
1094 211 1149 251 26

301 330 488 371 alterum
514 330 674 371 Calliae
699 331 904 380 adsignat
936 331 1228 371 Fritzschius:
1262 330 1373 370 mihi
1403 339 1489 370 non
1521 329 1770 370 necessario
1801 329 2004 370 videntur

299 398 572 438 cohaerere”.
605 399 675 439 Sic
709 397 847 448 Koclr,
885 408 1025 448 neque
1052 408 1132 448 ego
1159 398 1375 447 quomodo
1402 398 1636 438 cohaerere
1658 397 1829 447 possint
1855 397 2000 448 video,

301 466 389 505 imo
420 465 660 515 compluria
690 476 716 506 a
747 465 922 506 Polluce
953 466 1121 506 omissa
1147 475 1246 506 esse
1273 465 1544 505 crediderim.
1572 464 1653 505 Vel
1678 465 1760 505 hoc
1785 465 2004 505 incertum

301 536 386 581 est,
434 536 581 573 utrum
625 533 667 572 in
709 533 852 583 priore
887 542 1019 572 versu
1060 530 1181 572 ἄκουε
1221 531 1271 583 δὴ
1313 542 1413 572 cum
1455 531 1636 581 reliquis
1666 531 1885 582 iungenda
1913 531 2006 572 sint

298 600 376 645 (ita
406 601 524 640 enim
555 600 787 650 legendum
820 598 982 640 ἀκούετε
1009 598 1075 650 δὴ)
1106 610 1162 640 an
1188 600 1334 650 potius
1357 599 1627 650 distinguere
1652 600 1853 650 oporteat
1875 598 2005 649 (quod

301 677 416 707 nunc
438 677 607 717 quoque
635 668 699 708 Β1.
729 668 855 708 video
882 667 1115 717 placuisse)
1142 666 1264 708 ἄκουε
1292 667 1360 719 δή·
1386 668 1509 719 σκεύη
1526 666 1573 707 τὰ
1589 666 1688 707 κατὰ
1701 666 1775 718 τὴν
1791 666 2003 707 οἰκίαν.-

302 734 502 776 Ceterum
529 736 777 777 conferatur
799 746 932 776 scena
949 737 993 776 in
1013 737 1320 787 Aristophanis
1336 735 1709 777 concionantibus
1726 745 1791 776 vs.
1809 735 1896 776 728
1911 744 2006 785 sqq.

246 803 311 842 Fr.
343 804 439 853 154,
477 805 512 843 1.
548 803 590 851 ὅς
620 800 651 856 γ’
687 802 731 843 ἐν
762 810 814 858 τῷ
846 803 921 859 βίῳ
953 807 1121 844 temere
1153 804 1218 844 Β1.

244 870 311 909 Fr.
347 872 444 919 155,
481 873 517 911 1.
550 868 744 922 φέρουσιν
776 871 929 921 Naber,
963 871 1174 921 probante
1206 871 1270 912 Β1.
1301 871 1475 912 Dubito.

243 937 310 977 Fr.
347 939 442 987 159,
475 941 516 978 4.
557 936 682 989 κάμός
723 938 871 988 procul
902 939 1032 979 dubio
1063 941 1181 979 recte
1214 939 1373 989 Bergk,
1407 939 1694 989 probantibus
1725 938 1862 979 etiam
1893 937 2006 979 Mad·

304 1005 416 1054 vigio
457 1008 501 1045 et
541 1006 604 1046 Β1.
650 1028 701 1035 -
746 1005 794 1046 V.
839 1007 879 1046 5.
933 1007 1051 1056 φανώ
1093 1007 1211 1047 iusto
1249 1006 1449 1056 graviore
1496 1008 1541 1047 et
1582 1016 1637 1047 ne
1683 1008 1787 1057 apta
1830 1005 2008 1056 quidem

302 1074 545 1113 mutatione
585 1085 662 1124 pro
702 1074 878 1125 τούτοιν,
920 1076 997 1115 aut
1039 1073 1082 1114 ἐν
1128 1074 1252 1122 οἴκοις
1299 1077 1469 1122 (contra
1508 1075 1708 1116 Atticum
1754 1076 1901 1122 usum)
1941 1073 2008 1114 Bl.

303 1140 421 1180 Ferri
451 1141 639 1182 fortasse
670 1143 844 1192 poterat
874 1140 917 1181 ἐν
949 1142 1063 1198 οἴκῳ,
1087 1143 1201 1192 quod
1228 1142 1388 1183 saltem
1405 1158 1460 1175 =
1484 1141 1586 1182 οἴκοι
1618 1142 1839 1192 (quamvis
1868 1141 2010 1182 invito

301 1207 476 1254 Cobeto)
521 1210 709 1249 traditur
745 1210 856 1260 apud
900 1210 1259 1262 Xenophontem,
1307 1210 1384 1251 sed
1425 1210 1524 1251 vide
1555 1221 1701 1251 annon
1741 1210 1830 1251 leni
1868 1210 2007 1250 muta·

304 1276 421 1316 tione
451 1277 625 1317 restitui
656 1278 820 1327 possit:

483 1343 624 1395 ἱματίω
657 1344 701 1385 δέ
731 1359 799 1396 μοι
826 1342 891 1385 δύ’
928 1344 1040 1386 ἐστὸν
1071 1344 1257 1398 χαριέντε·
1289 1361 1309 1385 τ
1330 1345 1515 1386 ούτοιν
1546 1349 1663 1392 (cum
1694 1345 1832 1392 codd.)

482 1405 578 1451 οὖν
611 1416 702 1463 (pro
734 1407 812 1460 οἷν)
845 1413 1159 1466 μεταλαμβάνων
1190 1412 1252 1454 ἀεὶ
1282 1412 1457 1466 θᾶτερον
1488 1412 1698 1462 ἐξελαύνω.

306 1478 579 1528 Quamquam
623 1481 753 1520 huius
798 1481 979 1522 voculas
1019 1492 1199 1522 versum
1238 1482 1488 1525 inchoantis
1528 1481 1700 1522 nullum
1730 1480 1835 1521 novi
1865 1489 2012 1521 exem·

305 1545 439 1595 plum.
472 1546 591 1597 Quod
622 1548 661 1588 si
685 1548 788 1588 ferri
815 1549 985 1598 nequit,
1014 1550 1122 1589 nihil
1151 1550 1312 1590 melius
1338 1550 1509 1601 reperio
1535 1549 1760 1590 Kockiano
1785 1545 1937 1599 ἑτοίμου.
1955 1569 2011 1577 -

307 1613 379 1653 Vs.
417 1614 469 1654 16
501 1621 622 1670 κοινῷ
654 1625 731 1665 pro
761 1614 873 1655 Οἰνεῖ
901 1617 1010 1658 coni.
1038 1617 1199 1668 Bergk,
1226 1617 1303 1658 sed
1330 1617 1631 1658 necessarium
1657 1617 1777 1658 esset
1799 1622 1852 1671 τῷ
1877 1621 2016 1670 κοινῷ,

308 1680 580 1722 Infinitivum
639 1681 806 1735 (ἄγχειν,
859 1683 1023 1736 εἴργειν,
1082 1686 1255 1732 τύπτειν)
1302 1685 1484 1726 subesse
1539 1686 1667 1736 putat
1710 1683 1776 1725 Β1.
1829 1682 1913 1724 Sed
1957 1681 2012 1723 cf.

308 1748 461 1788 Kockii
493 1752 660 1791 notam.

252 1815 320 1856 Fr.
361 1817 457 1866 160,
494 1818 532 1857 2.
566 1816 826 1869 ἀποδείξομαι
858 1821 1025 1861 temere
1056 1821 1121 1861 Β1.

250 1883 317 1923 Fr.
355 1886 451 1934 161,
490 1887 509 1924 1
546 1886 721 1935 explere
753 1887 847 1927 vult
880 1888 943 1928 Β1.
977 1899 1016 1939 p.
1051 1890 1122 1939 44,
1156 1889 1373 1930 inutiliter
1403 1891 1538 1930 etiam
1569 1891 1751 1931 tentans
1781 1899 1847 1930 vs.
1880 1889 1920 1929 2.

251 1951 319 1991 Fr.
357 1953 452 1992 162.
492 1952 654 1993 Cratin.
689 1954 729 1993 11
761 1955 817 1994 43
852 1955 905 1995 Μ.
939 1958 983 1995 et
1015 1956 1088 1996 Ar.
1123 1957 1197 2006 Eq.
1235 1958 1348 1997 1296
1376 1967 1441 2007 sq.
1475 1957 1549 1998 cft.
1583 1957 1648 1998 Β1.

251 2018 317 2058 Fr.
356 2020 449 2059 171.
498 2021 856 2072 μολυβδίνους
906 2023 1131 2074 κρατευτάς.
1180 2025 1421 2066 Infeliciter
1462 2026 1585 2067 Kock
1627 2024 1878 2071 λιθίνους
1920 2033 2017 2064 con·

309 2086 426 2135 iecit,
460 2098 535 2136 pro
566 2099 650 2137 quo
682 2091 800 2129 certe
832 2090 1075 2139 speciosius
1101 2093 1355 2142 suspicatus
1380 2093 1494 2133 foret
1520 2091 1752 2145 λυγδίνους,
1779 2092 1859 2132 sed
1885 2090 2020 2132 verba

310 2163 419 2193 sana
455 2164 552 2195 esse
593 2157 756 2197 evincit
787 2157 944 2198 titulus
977 2157 1069 2199 GIG
1102 2159 1121 2198 I
1153 2161 1239 2200 319
1272 2159 1560 2212 κρατευταὶ
1593 2160 1879 2212 μολύβδου.
1910 2158 2019 2199 Pars

313 2221 399 2270 igni
431 2224 630 2272 exposita
662 2227 811 2265 tamen
844 2225 1049 2275 plumbea
1080 2237 1178 2268 esse
1211 2238 1297 2268 non
1330 2230 1516 2278 poterat.

254 2288 321 2328 Fr.
359 2290 454 2329 174.
486 2290 551 2330 Β1.
585 2291 659 2331 cst.
693 2292 915 2333 Menandr.
947 2293 1008 2333 IV
1042 2295 1126 2334 160
1157 2297 1203 2336 et
1236 2295 1393 2337 catull.
1428 2297 1470 2347 8,
1505 2297 1531 2336 3
1566 2294 1792 2336 candidi
1822 2292 1988 2334 soles.

255 2357 322 2396 Fr.
360 2357 455 2407 182,
491 2359 527 2398 1.
575 2358 735 2399 Utrum
776 2357 898 2399 ἄκουε
943 2366 1021 2400 νῦν
1069 2373 1124 2402 an
1171 2361 1294 2403 ἄκουέ
1339 2379 1416 2404 νυν
1457 2365 1671 2414 praestet,
1718 2360 2022 2403 deficientibus

314 2426 581 2473 praegressis
612 2426 714 2466 sciri
748 2428 914 2477 nequit.

258 2492 322 2531 Fr.
370 2492 464 2533 184.
526 2494 685 2544 κρούων
712 2511 766 2527 =
796 2495 1037 2547 δοκιμάζων,
1084 2501 1256 2549 proprie
1312 2501 1480 2541 dictum
1527 2499 1580 2540 de
1627 2499 1747 2540 vasis
1795 2497 1864 2545 (cf.
1906 2496 2053 2538 Plat.·

317 2559 442 2610 Hipp.
492 2563 593 2601 mai.
636 2563 722 2602 300
755 2563 787 2602 B
830 2566 875 2604 et
916 2565 1073 2606 Suidas
1114 2578 1150 2607 s.
1184 2578 1224 2608 v.
1257 2574 1478 2620 κροῦσις
1506 2590 1560 2597 -—
1587 2566 1823 2618 δοκιμασία,
1862 2563 1944 2605 ἐπεὶ
1975 2563 2023 2605 τὰ

315 2626 447 2676 σαθρὰ
478 2633 556 2666 τῶν
587 2635 743 2667 σκευῶν
774 2631 1021 2682 κροτούμενα
1053 2622 1096 2681 (1.
1128 2635 1367 2687 κρουόμενα)
1400 2635 1664 2687 δοκιμάζεται)
1706 2634 1778 2675 hic
1806 2633 2023 2675 obscoeno

314 2704 445 2734 sensu
471 2695 522 2734 de
550 2696 801 2747 mulierum,
836 2708 1067 2741 servarum
1106 2705 1231 2753 puta,
1265 2706 1368 2744 ante
1405 2703 1647 2744 emtionem
1680 2701 2025 2743 contrectatione

316 2762 614 2811 accipiendum
646 2774 743 2803 esse
778 2767 995 2814 quondam
1029 2771 1219 2821 ostendi,
1263 2771 1359 2812 coll.
1406 2772 1540 2811 Arist.
1582 2770 1695 2811 Eccl.
1731 2769 1831 2811 257.
1866 2790 1920 2798 —
1957 2767 2023 2809 Β1.
2085 2785 2089 2787 ·

318 2829 533 2879 intellegit
570 2829 636 2876 τὰς
678 2829 814 2880 ἀφύας
855 2837 930 2874 aut
968 2834 1037 2883 τὰς
1067 2837 1259 2889 τριχίδας,
1290 2839 1366 2879 sed
1399 2850 1484 2888 quo
1515 2848 1650 2879 sensu
1681 2837 1734 2878 de
1765 2837 1834 2877 his
1864 2835 2024 2888 κρούειν

318 2897 516 2945 usurpari
551 2899 742 2946 potuerit
772 2909 860 2941 non
893 2903 1098 2953 explicat.

263 2963 327 3002 Fr.
368 2964 461 3002 185.
512 2964 572 3003 Β1.
623 2965 717 3005 0011.
771 2967 1008 3019 Antiphan.
1065 2974 1158 3023 135,
1202 2975 1227 3014 2
1275 2984 1352 3024 pro
1398 2972 1561 3024 μικρόν,
1605 2971 1719 3022 quod
1765 2970 2027 3022 perobscure

318 3031 510 3138 expligzgt
552 3032 689 3139 Koczk,
730 3037 909 3076 πλεῖστον
943 3041 1143 3082 coniecit.
1183 3042 1372 3082 Omnino
1404 3042 1457 3083 cf.
1491 3041 1565 3081 Ar.
1597 3040 1671 3089 Eq.
1706 3039 1813 3088 948;
1845 3037 2024 3080 Timocl.

329 3100 399 3145 18;
501 3110 589 3149 esp.
654 3101 723 3141 68.

264 3165 331 3206 Fr.
371 3166 464 3207 187.
500 3166 592 3206 Vid.
627 3168 679 3207 ad
713 3169 763 3209 fr.
799 3172 897 3213 305.

266 3238 332 3277 Fr.
370 3232 464 3280 188.
513 3232 800 3275 <mim-*⁶025
843 3239 898 3279 νὼ
938 3243 1032 3295 γάρ,
1071 3242 1234 3298 ἄνδρες,
1278 3243 1351 3296 οὐχ
1387 3243 1619 3294 inmotum.
1660 3241 2026 3292 supplementum
