2216 3522
1081 213 1162 252 155

279 327 419 367 'tiano
445 329 709 378 quidnam
737 332 899 371 audio
927 344 1059 382 quam
1087 335 1200 384 quod
1226 335 1436 376 Dziatzko
1461 337 1688 386 proposuit
1713 336 1752 375 τί
1773 332 1854 376 ποτ’
1875 335 1994 376 ἀκού-

298 404 438 445 σομαι;
471 419 524 426 -
553 397 674 437 Idem
706 397 756 437 fr.
790 400 846 439 44
879 401 1008 440 malit
1037 398 1228 441 τάνθένδ’
1262 404 1339 442 aut
1368 402 1465 443 τούν
1494 401 1626 443 θένδε.

237 461 306 501 Er.
339 463 409 503 47.
442 464 507 504 Bl.
540 463 644 503 οὕτω
681 466 834 518 <γὰρ>
871 461 986 515 οὗτός
1019 467 1123 508 ἔστιν
1154 470 1242 516 (vel
1272 468 1375 509 ἐστιν
1406 465 1550 517 οὗτος).

238 529 308 569 Fr.
341 530 411 581 48,
447 531 486 571 2.
519 530 699 584 εὐπόρως
729 533 860 574 idem.

359 596 565 641 Andriae
595 600 857 650 fragmentis
882 603 1074 659 ¹fortasse
1106 605 1353 645 addendum
1385 606 1436 646 fr.
1469 607 1614 656 adesp.
1646 608 1746 658 584,
1778 608 1853 648 ubi
1884 609 1995 648 vide.

237 663 306 703 Fr.
338 666 407 705 59.
439 672 510 705 τοῦ
541 670 837 716 νουθετοῦντος
867 670 1019 720 κωφόν.
1052 672 1116 712 Bl.
1149 679 1201 727 τῷ
1226 676 1499 713 νουθετοῦντι.
1533 674 1577 713 Si
1608 684 1746 714 sanus
1776 677 1844 715 est
1870 668 1994 725 gemel

295 732 430 783 tivus,
463 734 599 785 κωφός
630 737 745 776 hunc
777 748 929 778 casum
961 739 1165 788 adscivit,
1199 742 1301 790 quia
1331 740 1552 791 significat
1580 742 1623 782 h.
1655 742 1683 782 1.
1718 741 1792 782 οὐκ
1822 740 1995 782 ἀκούων.

292 799 380 842 Pro
425 800 507 852 ἅμα
552 806 669 843 recte
714 804 865 845 Nauck
905 807 1048 847 suasit
1077 806 1114 846 α’
1145 808 1172 848 i.
1206 819 1241 848 e.
1285 806 1363 859 ἕνὶ,
1403 819 1480 858 pro
1519 807 1584 847 καὶ
1630 808 1731 848 θεὸν
1769 809 1871 865 λόγῳ
1902 810 1995 860 ipse

296 869 468 917 requiro
500 866 576 908 κᾶν
611 869 705 918 θεὸς
747 867 791 926 ᾖ,
821 872 942 929 λόγῳ,
973 875 1144 915 etiam
1186 876 1234 914 si
1274 886 1414 915 unus
1456 875 1556 916 ille
1588 876 1718 916 deus
1749 877 1839 917 sit.
1881 877 1994 916 Nam

294 935 517 985 Blaydesii
548 939 797 979 coniectura
828 938 906 979 κᾶν
936 940 1032 989 θεὸς
1062 940 1176 997 λέγῃ;
1206 953 1293 983 non
1324 942 1500 984 sufficit.
1534 943 1729 984 Scribam
1761 945 1910 993 igitur:

382 1011 389 1016 ’
1182 1010 1302 1060 φύσει
1332 1010 1406 1062 γάρ
1438 1006 1507 1049 ἐστ’
1541 1009 1638 1062 ἔρως

619 1078 689 1113 τοῦ
721 1078 1014 1124 νουθετοῦντος
1045 1076 1197 1127 κωφόν·
1230 1076 1288 1117 ἑνὶ
1321 1074 1356 1117 δ’
1393 1077 1442 1117 οὐ
1474 1077 1615 1132 ῥᾴδιον

620 1140 785 1193 νεότητα
816 1149 933 1182 νικᾶν
966 1142 1063 1195 ἐστι,
1094 1142 1170 1183 κᾶν
1201 1144 1297 1192 θεὸς
1330 1140 1375 1200 ᾗ,
1405 1144 1520 1200 λόγῳ.

234 1205 302 1244 Fr.
335 1207 405 1246 61.
618 1206 638 1247 ὅ
670 1208 800 1258 φανός
832 1208 910 1249 ἐστι
942 1211 1080 1261 μεστὸς
1111 1211 1257 1260 ὕδατος
1288 1211 1442 1263 οὑτοσί,

618 1276 682 1315 δεῖ
707 1273 734 1315 τ’
770 1276 857 1328 οὐχὶ
889 1278 1007 1318 σείειν
1039 1277 1165 1318 ἀλλὰ
1195 1280 1412 1319 ποδιειν
1444 1279 1618 1320 αὐτόν.

292 1341 486 1391 Recepta
532 1344 600 1382 est
646 1344 831 1385 Bentleii
879 1347 1091 1386 correctio
1138 1343 1216 1386 ἀλλ’
1266 1345 1540 1387 ἀποσείειν
1586 1347 1836 1398 αὐτόθεν,
1881 1359 1990 1397 quae

293 1411 442 1448 tamen
474 1410 667 1460 intellegi
701 1410 871 1463 neduit,
905 1414 991 1453 nisi
1022 1415 1243 1455 sumimus
1273 1416 1316 1455 in
1349 1416 1551 1464 proximo
1583 1426 1715 1456 versu
1751 1416 1887 1455 fuisse
1918 1418 1995 1455 aut

293 1474 460 1529 θοῦδωρ
505 1479 582 1517 aut
628 1480 741 1527 quod
788 1480 903 1520 idem
945 1481 1179 1533 significet,
1223 1483 1300 1522 sed
1341 1483 1453 1531 quod
1492 1493 1569 1532 pro
1609 1482 1783 1522 αὐτόθεν
1814 1483 1991 1522 rescribi

293 1543 424 1583 iussit
454 1545 517 1585 Bl.
550 1544 753 1594 θοῦδατος
783 1548 890 1588 ferri
921 1550 1100 1590 omnino
1132 1551 1295 1599 nequit.
1328 1551 1442 1590 Num
1474 1550 1586 1590 forte
1618 1551 1719 1590 fuit:

620 1614 685 1653 δεῖ
709 1611 736 1653 τ’
772 1614 861 1667 οὐχὶ
892 1616 1011 1656 σείειν
1044 1616 1184 1668 αὐτόν,
1216 1614 1294 1657 ἀλλ’
1330 1615 1615 1664 ἀποσειστέοςὶ)

275 1676 349 1716 'an
386 1679 650 1729 Simplicius:
685 1681 749 1720 δεῖ
773 1679 799 1721 τ’
837 1681 925 1735 οὐχὶ
956 1684 1076 1723 σείειν
1116 1681 1208 1723 ἀλλ”
1228 1683 1429 1724 ἀποσείειν
1469 1684 1609 1735 αὐτόν,
1638 1699 1691 1735 ε,
1725 1687 1774 1725 ut
1814 1696 1992 1725 versum

292 1746 439 1786 citarit
470 1748 723 1789 Athenaeus
759 1761 846 1790 non
877 1751 1075 1803 plenum,
1108 1753 1237 1802 plena
1267 1754 1489 1793 sententia
1525 1754 1771 1792 contentus.
1806 1753 1923 1802 Quod
1954 1754 1992 1792 si

293 1813 357 1852 ita
397 1814 475 1865 sit,
524 1814 725 1855 ἀποσείειν
766 1819 910 1867 magis
951 1821 1214 1869 respondeat
1254 1823 1404 1867 nostro
1447 1820 1823 1860 uitschudden
1859 1830 1991 1869 quam

293 1881 663 1935 asschudden,
707 1896 791 1934 quo
837 1896 971 1926 sensu
1017 1885 1180 1927 ἐκσείειν
1221 1889 1398 1928 adhibet
1438 1887 1701 1927 Plutarchus
1741 1888 1901 1927 Anton.
1936 1888 1990 1927 79

293 1950 336 1988 et
369 1949 525 1990 Timol.
563 1953 629 1992 15.

234 2015 302 2055 Fr.
337 2017 407 2067 65,
440 2019 480 2057 4.
514 2019 609 2059 Vid.
643 2020 794 2060 Nauck
827 2021 922 2061 Mel.
957 2022 1015 2061 VI
1046 2033 1086 2072 p.
1124 2024 1220 2063 108.

233 2083 301 2123 Fr.
334 2085 405 2134 67,
442 2086 462 2124 1
497 2096 560 2135 sq.
594 2087 790 2128 Meineke
822 2089 894 2129 cft.
928 2090 1129 2130 Nicetam
1162 2090 1296 2131 Chon.
1329 2102 1369 2140 p.
1403 2092 1503 2141 514,
1540 2088 1607 2131 12.

234 2150 302 2190 Fr.
335 2152 405 2202 68,
443 2155 478 2192 1.
513 2154 575 2194 Bl.
608 2154 655 2193 τὰ
681 2153 753 2205 μὲν
779 2163 940 2211 πατρῷα
979 2156 1215 2210 <γὰρ>.-
1246 2158 1318 2198 Vs.
1349 2160 1388 2198 2.
1422 2158 1542 2198 Kock
1570 2158 1764 2198 confudit
1793 2158 1992 2197 notiones

289 2218 488 2259 diversas
521 2222 833 2263 vocabulorum
875 2225 1011 2276 καιρός
1051 2228 1096 2266 et
1135 2225 1275 2278 χρόνος
1313 2226 1532 2266 coniciens
1574 2224 1706 2280 χρῴζει
1750 2236 1827 2275 pro
1868 2224 1991 2279 σῴζει.

291 2285 445 2326 Melius
478 2288 620 2328 δουλοῖ
645 2292 872 2340 proposuit
903 2293 1111 2333 Meineke.

234 2352 302 2392 Fr.
336 2354 406 2403 69,
441 2355 479 2394 2.
513 2356 626 2407 Lege
658 2373 733 2396 νυν
766 2369 868 2399 cum
901 2360 1149 2409 Blaydesio.

233 2419 301 2459 Fr.
335 2421 404 2471 70,
439 2423 477 2463 2.
526 2425 766 2474 Antiquum
794 2429 969 2476 poetam
1001 2429 1144 2468 dicere
1171 2428 1365 2477 potuisse
1397 2425 1417 2466 ὁ
1439 2427 1622 2478 λαλήσων
1652 2427 1747 2474 θεός
1779 2437 1875 2467 cras
1906 2438 1991 2467 cre·

293 2487 413 2539 dam,
456 2492 643 2531 necdum
684 2503 757 2533 me
797 2496 990 2543 poenitet
1033 2496 1271 2536 coniecisse
1313 2493 1390 2533 ἐστι
1431 2502 1509 2534 τῶν
1548 2500 1726 2547 χρηστῶν
1766 2494 1872 2542 θεός.
1905 2494 1990 2534 Vix

291 2556 453 2596 saltem
498 2557 698 2600 sufficere
744 2562 916 2602 videtur
960 2565 1134 2612 propter
1179 2573 1435 2613 praegressa
1481 2563 1610 2603 lectio
1651 2563 1840 2602 monost.
1883 2563 1987 2611 432,

292 2634 423 2672 quam
474 2625 682 2667 substitui
729 2628 847 2669 iubet
893 2629 980 2679 Bl.,
1030 2630 1103 2679 qui
1150 2631 1193 2670 in
1241 2630 1524 2669 Addendis
1570 2641 1609 2680 p.
1658 2630 1743 2669 340
1790 2630 1991 2679 proponit

294 2688 600 2743 ἀνθρώπων.

235 2758 301 2797 Fr.
336 2759 391 2797 70
423 2760 503 2799 ab.
546 2760 731 2802 Choricii
774 2763 905 2803 verba
955 2764 1228 2804 Menandreis
1275 2764 1461 2804 fortasse
1505 2764 1607 2804 licet
1653 2765 1722 2803 his
1768 2764 1989 2804 includere

293 2827 513 2866 numeris:
1849 2827 1858 2836 ⁶

677 2895 831 2937 δέδοικε
862 2897 915 2949 μὴ
947 2904 1026 2937 τῶν
1058 2897 1177 2938 ἔνδον
1210 2897 1360 2949 οἴχηται
1393 2896 1527 2949 φέρων

678 2961 699 3003 ὁ
730 2965 894 3012 καπνός.

352 3030 616 3068 ΓΕΩΡΓΟΣ.
661 3032 803 3072 Huius
839 3033 1011 3073 fabulae
1044 3033 1202 3073 bonam
1236 3035 1404 3082 partem
1437 3043 1459 3071 e
1491 3043 1653 3082 papyro
1685 3034 1789 3082 Aeg.
1821 3033 1989 3082 primus

291 3095 426 3136 edidit
470 3097 635 3148 Nicole,
683 3101 781 3148 post
828 3110 957 3148 quem
1012 3100 1123 3139 Weil
1174 3100 1332 3148 aliique
1384 3100 1466 3138 viri
1506 3099 1621 3139 docti
1669 3099 1797 3139 multi
1844 3099 1987 3139 turba-

292 3165 388 3202 tum
418 3166 591 3205 textum
633 3165 795 3206 rectius
836 3168 1169 3207 constituerunt.
1210 3167 1301 3206 Non
1343 3177 1398 3206 ex
1440 3167 1623 3217 Georgo,
1666 3168 1742 3207 sed
1784 3178 1807 3207 e
1843 3166 1989 3206 fabula

290 3231 449 3271 similis
489 3234 756 3284 argumenti,
797 3236 997 3274 sumtum
1039 3236 1108 3274 est
1149 3244 1360 3283 magnum
1402 3234 1697 3283 fragmentum
1736 3235 1779 3273 in
1812 3234 1988 3283 papyris
