2216 3522
1107 223 1164 263 70

313 353 428 403 quod
459 361 619 392 sanum
646 350 832 400 videtur,
862 348 1048 389 coniecit
1073 347 1183 400 ὕδωρ
1205 347 1348 400 διαχεῖ,
1382 347 1551 388 nullam
1579 348 1830 389 traditionis
1855 348 2024 390 habens

315 420 545 461 rationem.
588 418 746 458 Postea
787 416 976 466 cogitavi
1017 415 1069 455 de
1110 415 1341 456 scribendo
1382 415 1519 456 etiam
1562 415 1705 456 lenius
1745 413 1959 456 ἀθέλδεταί
1985 411 2019 470 y'

315 485 472 537 ὀπῶν,
510 487 587 527 sed
624 499 666 539 γε
698 486 779 525 hoc
811 484 987 533 quidem
1020 483 1115 524 loco
1147 482 1321 523 illatum
1354 484 1611 533 suspectum
1643 484 1731 534 est,
1764 485 1811 524 et
1839 483 2020 525 dubium

315 566 419 596 num
459 555 557 605 ipsa
596 553 813 594 foramina
851 553 1065 604 τετρῆσθαι
1096 552 1215 591 recte
1245 551 1468 600 dicantur;
1510 561 1645 600 quare
1675 551 1873 603 praefero
1904 553 2021 595 vete·

315 634 408 664 rem
440 622 747 673 suspicionem.

256 693 323 733 Fr.
357 693 397 732 8.
577 687 657 729 ἀπὸ
687 687 872 728 λασάνων
904 685 1061 739 θερμὴν
1093 684 1373 739 ἀφαιρήσω
1404 686 1553 740 χύτραν

314 759 388 799 Bis
420 758 653 808 requiritur
683 756 909 797 articulus.
941 755 1141 806 corrigo:

568 823 649 865 ἀπὸ
684 830 839 866 <τῶν>
875 823 1060 863 λασάνων
1091 821 1249 875 θερμὴν
1281 820 1502 876 ἀφαίρει
1534 820 1626 875 τὴν
1657 822 1816 876 χύτραν.

314 895 506 935 Priorem
554 893 787 934 articulum
836 892 1032 933 restituit
1072 891 1207 932 etiam
1256 890 1320 932 Bl.
1365 890 1553 931 Servum
1594 891 1678 932 hoc
1716 890 1860 933 facere
1901 891 2023 934 iubet

313 973 477 1012 coquus
508 962 577 1003 vel
609 963 827 1003 dominus.

255 1033 321 1071 Fr.
360 1032 424 1071 10.
462 1030 584 1073 <τὸ>
619 1030 827 1083 τιγγάβαρι
857 1027 915 1082 χή
947 1029 1091 1080 μίλτος.
1124 1028 1189 1069 Bl.
1223 1028 1378 1069 Melius
1409 1028 1618 1069 Meineke.

253 1101 318 1140 Fr.
356 1101 420 1140 15.
453 1099 578 1149 Apud
610 1099 791 1140 Suidam
822 1096 865 1137 ἐν
896 1099 995 1148 post
1027 1095 1190 1148 ἔκρουεν
1222 1098 1341 1137 recte
1371 1096 1487 1137 delet
1511 1097 1596 1148 BL,
1626 1096 1678 1137 fr.
1711 1097 1763 1137 17
1792 1097 1907 1148 apud
1937 1097 2020 1139 He-

309 1167 509 1217 sychium
557 1166 732 1217 σκήνους
778 1166 894 1206 idem
942 1167 1087 1206 mutat
1127 1166 1172 1206 in
1215 1164 1392 1216 στήθους
1433 1165 1510 1205 vix
1540 1166 1675 1216 recte,
1709 1175 1815 1206 nam
1845 1164 2023 1219 λαπάραι

310 1237 415 1275 sunt
445 1235 559 1275 infra
589 1237 765 1286 pectus;
798 1239 869 1274 τοῦ
901 1233 1148 1285 σκήνουςε
1166 1238 1237 1274 τοῦ
1269 1233 1460 1285 σώματος.

370 1303 531 1343 Dioclis
555 1304 639 1344 inc.
671 1303 756 1344 fab.
790 1303 1052 1353 fragmentis
1078 1302 1266 1342 accessit
1297 1312 1320 1342 e
1337 1301 1585 1342 Philetaero
1611 1301 1711 1342 Vat.
1730 1301 1884 1357 (Golrn,
1911 1302 2021 1343 Mus.

312 1371 392 1411 Rh.
444 1372 557 1412 1888
604 1382 643 1422 p.
686 1372 789 1418 415)
835 1371 986 1421 glossa
1033 1368 1401 1422 ἀργυροθήκη·
1455 1367 1499 1409 τὸ
1545 1374 1624 1409 νῦν
1670 1367 2023 1423 ἀργεντάριον

310 1439 559 1490 καλούμενον
590 1438 698 1492 παρὰ
729 1441 899 1479 Διοκλεῖ.
931 1438 993 1479 Cf.
1027 1438 1132 1479 Poll.
1166 1437 1207 1478 X
1242 1438 1344 1489 132,
1379 1437 1454 1487 qui
1487 1437 1595 1478 citat
1625 1437 1939 1488 Antiphanem.

255 1538 528 1583 Nicocharis
568 1541 725 1591 fragm.
764 1552 820 1582 ex
852 1541 1293 1591 Agamemnone:
1336 1537 1753 1591 ἀψευδόμαντις·
1787 1537 2020 1593 Νικοχάρης

198 1600 204 1604 “
225 1593 230 1604 *¹
317 1606 599 1661 Ἀγαμέμνονα

1201 1671 1293 1716 οἶδα
1326 1672 1362 1716 δ’
1399 1673 1452 1724 ὡς

696 1743 996 1797 ἀψευδόμαντις
1027 1743 1099 1796 ἥδε
1130 1742 1197 1784 καὶ
1228 1742 1475 1797 τελέσφορος.
1510 1766 1563 1772 -

696 1813 830 1869 γνώσῃ
864 1810 907 1852 δὲ
938 1811 1079 1865 τέχνην
1110 1811 1183 1864 τὴν
1215 1810 1316 1864 ἐμὴν
1348 1810 1549 1863 ἐτητύμως

703 1879 1010 1933 ἀψευδόμαντιν
1042 1875 1182 1921 οὖσαν.

315 1949 377 1988 Ex
419 1949 557 1989 altero
592 1949 841 1999 fragmento
874 1951 1054 2000 apparet
1084 1950 1128 1989 in
1160 1949 1303 2000 priore
1332 1948 1680 1999 intellegendum
1711 1958 1811 1988 esse
1839 1944 1866 1999 ἡ
1897 1945 2027 2000 τέχνη,

313 2027 423 2066 quae
455 2028 541 2057 vox
572 2018 656 2057 fuit
686 2018 731 2057 in
763 2019 908 2058 verbis
939 2017 1133 2058 omissis.
1166 2018 1398 2058 Parodiam
1428 2027 1527 2057 esse
1552 2015 1760 2066 Aeschyli
1790 2017 2023 2066 Agamem·

313 2085 440 2124 nonis
496 2086 608 2125 hanc
664 2086 858 2126 fabulam
917 2086 1045 2126 credo
1103 2087 1149 2126 et
1194 2085 1312 2136 loqui
1369 2084 1677 2126 Cassandram.
1730 2083 1824 2124 Vid.
1871 2085 2023 2125 tamen

314 2153 529 2194 Kockium
563 2154 670 2194 Mus.
705 2154 842 2195 Rhen.
880 2155 992 2195 1893
1026 2164 1067 2204 p.
1102 2154 1186 2194 581
1222 2164 1287 2203 sq.

258 2221 323 2260 Fr.
363 2222 398 2270 1,
433 2222 472 2261 2.
519 2222 730 2274 γενώμεθα
773 2222 836 2262 Bl.
870 2224 1008 2276 recte;
1060 2223 1304 2273 optativus,
1347 2231 1479 2271 quem
1521 2223 1672 2261 tuetur
1706 2220 1774 2271 K„
1821 2219 1933 2261 bene
1973 2230 2024 2262 so

316 2289 512 2339 haberet,
556 2291 593 2329 si
634 2300 711 2340 pro
753 2290 951 2341 συμπόται
992 2292 1112 2331 esset
1143 2301 1184 2332 v.
1214 2301 1249 2331 c.
1292 2289 1414 2340 φίλοι.
1455 2289 1631 2330 Nudum
1670 2288 1921 2339 optativum
1952 2288 2025 2330 hic

315 2357 512 2406 ineptum
550 2368 648 2398 esse
678 2358 819 2398 sensit
850 2359 985 2398 etiam
1017 2358 1213 2399 Meineke
1245 2358 1469 2408 corrigens
1498 2354 1686 2408 μένωμεν
1717 2353 1787 2407 ἂν,
1817 2356 1933 2406 quod
1962 2358 2023 2397 ta·

316 2434 436 2474 men,
466 2435 551 2465 non
584 2436 838 2475 praegresso
871 2425 1016 2477 οὕτως,
1048 2427 1197 2466 minus
1228 2427 1382 2477 aptum
1410 2425 1585 2466 videtur
1615 2433 1746 2475 quam
1771 2422 1994 2477 γενώμεθα.

258 2491 324 2531 Fr.
358 2492 399 2531 8.
442 2491 480 2530 τί
517 2493 616 2543 φής;
657 2496 735 2533 aut
775 2494 813 2533 τί
840 2494 959 2549 δρᾷςς
1002 2494 1065 2535 Bl.
1110 2494 1228 2544 Quae
1260 2494 1359 2543 quis
1390 2494 1571 2534 tandem
1604 2492 1826 2543 praeferat
1854 2492 2023 2534 lenissi-

317 2569 415 2599 mae
446 2560 634 2600 Bentleii
666 2562 923 2603 correctioni
955 2556 981 2614 ἦ
1013 2558 1093 2614 δῆτ’
1129 2572 1206 2612 pro
1236 2561 1275 2601 τί
1304 2558 1407 2613 δῆτ’;

260 2626 325 2665 Fr.
359 2628 398 2667 9.
433 2627 541 2676 Quia
576 2629 797 2670 Pollucem
834 2641 919 2670 non
958 2628 1101 2682 ὅπεαρ,
1133 2630 1211 2670 sed
1239 2627 1406 2681 ὀπὴτιον
1431 2640 1487 2670 ex
1520 2631 1703 2679 utroque
1733 2628 1829 2669 loco
1859 2628 2024 2670 cltasse

317 2698 507 2744 constat,
552 2696 653 2736 ferri
695 2699 847 2747 nequit
888 2698 1042 2739 Kockii
1084 2699 1308 2739 correctio.
1360 2697 1516 2738 Melius
1561 2696 1626 2738 Bl.
1672 2695 1716 2736 τὸ
1760 2695 2023 2749 τρυπάνοισιν

318 2759 534 2802 ἀντίπαλον
567 2761 744 2815 ὀπήτιον.
2055 2818 2058 2821 Δ

378 2830 646 2873 Incertarum
680 2833 930 2874 Nicocharis
961 2833 1208 2874 fabularum
1242 2833 1505 2884 fragmentis
1530 2832 1703 2874 lexicon
1728 2827 2047 2874 Sabbalticum'

320 2899 359 2945 3,
398 2900 448 2936 10
482 2900 667 2940 addidit:
701 2899 941 2951 ἄφυκτον
972 2901 1151 2954 λαβήν.
1194 2899 1215 2941 ὁ
1247 2901 1362 2954 λόγος
1394 2899 1574 2954 ἐναργής·
1607 2906 1802 2953 τροπικῶς
1831 2898 1913 2941 ἀπὸ
1943 2906 2023 2942 τῶν

320 2968 543 3005 παλαιστῶν
576 2968 815 3021 Νικοχάρης·

1323 3031 1402 3076 ἀλλ’
1438 3034 1663 3086 εἰλήμμεθα

673 3102 804 3155 λαβὴν
836 3102 1030 3153 ἄφυκτον.

264 3165 328 3204 Fr.
368 3167 432 3215 15,
467 3168 505 3207 2.
540 3167 647 3223 ἐξέλῃ
680 3171 766 3220 Bl.;
794 3171 933 3212 lenior
963 3174 1033 3212 est
1063 3169 1273 3212 Dindorfli
1306 3171 1529 3212 correctio.

266 3263 593 3322 Nicophontls,
628 3271 666 3310 2.
710 3271 851 3312 Naber
891 3271 965 3312 οὐκ
1006 3271 1045 3321 ἐς
1077 3271 1273 3326 κόρακαςς
1309 3271 1362 3314 τὼ
1393 3269 1483 3326 χεῖρ’
1518 3270 1706 3325 ἀπόσχες,
1735 3272 1799 3314 Bl.
1832 3269 1871 3321 3«,-
1902 3270 2023 3326 2260oe-
