2216 3522
1086 224 1144 263 60

293 345 462 385 iectura
501 344 559 384 ὅτι
600 341 637 385 δ’
672 343 723 384 ἂν
760 340 785 400 ᾖ
814 344 821 397 Ι
848 342 1029 397 avenam?
1073 344 1184 398 ἑτέρα
1225 341 1325 397 μηδ’
1370 343 1508 399 ἀγαθὴ
1540 346 1694 399 γενοιτό
1724 359 1814 398 μοι,
1841 343 1924 399 ἔχοι
1953 343 1999 387 δὲ

294 410 386 462 καί,
422 414 544 453 cuius
575 423 734 454 sensus
765 413 895 463 latet,
930 414 1038 454 nihil
1070 413 1308 464 proficitur.

236 481 302 520 Fr.
335 482 433 520 213.
480 480 713 533 μελιτητέων
758 482 823 522 Bl.
865 492 942 532 pro
985 480 1203 522 Μελιτέων.
1249 481 1386 522 Valde
1426 482 1591 523 dubito.
1632 481 1728 522 Vid.
1768 491 1903 532 supra
1942 482 1999 523 ad

293 549 604 598 Aristophanis
634 549 686 590 fr.
722 551 820 590 115.

236 617 304 656 Fr.
337 617 436 656 231.
470 617 534 657 Bl.
567 619 795 668 comparat
826 615 1050 666 ἀστενακτί,
1080 615 1246 657 &oranti
1274 618 1358 658 eto.

235 683 302 723 Fr.
337 685 436 724 232.
470 684 582 725 Male
611 687 760 725 tuetur
790 682 1039 736 ἀποθρέξεις.

233 751 301 791 Fr.
334 752 432 791 239.
468 751 690 792 Violenter
720 752 1063 805 γνωμομαλακτήν
1094 753 1211 794 idem
1243 763 1321 804 pro
1354 752 1542 806 γλώττην.

234 819 301 858 Fr.
334 819 433 859 249.
467 819 642 869 Corrige
674 819 1007 873 ποδοκάκ<κ>η.

233 886 301 926 Fr.
335 888 433 927 252.
462 887 525 927 ΒΙ.
554 888 670 928 male
688 887 911 940 ραχετίζειν.
928 888 1092 929 Contra
1107 889 1264 929 Photio
1287 851 1560 929 reddendum
1581 885 1873 941 ραχέτ<ρ>ον,
1885 888 2002 939 quod

290 955 425 994 etiam
453 956 650 1005 postulat
675 956 889 1006 analogia.
917 957 1091 997 Platoni
1117 956 1352 1009 ραχετρίζειν
1377 957 1543 1007 optime
1566 956 1763 996 restituit
1788 956 1999 998 Meineke.

233 1022 301 1061 Fr.
336 1022 435 1062 262.
468 1022 562 1062 Vid.
591 1023 704 1064 Plut.
733 1025 836 1064 Mor.
865 1025 922 1064 92
940 1025 972 1064 Ε
998 1027 1043 1065 et
1069 1025 1122 1066 cf.
1150 1026 1269 1066 Suid.
1288 1036 1378 1066 s.v.
1397 1023 1547 1077 καιρός.
1574 1025 1743 1065 Monuit
1767 1024 1998 1066 Headlam.

233 1089 301 1129 Fr.
335 1090 434 1130 267.
468 1089 530 1130 Cf.
564 1090 669 1130 Poll.
705 1091 786 1132 VII
816 1093 870 1132 31
915 1095 959 1132 et
999 1093 1192 1142 Hesych.
1235 1103 1271 1133 s.
1292 1104 1330 1133 v.
1378 1093 1547 1133 Monuit
1587 1093 1751 1134 Nauck.
1794 1092 1997 1134 Ceterum

291 1156 481 1197 fortasse
535 1159 696 1199 codicis
752 1160 910 1200 vitium
963 1160 1224 1211 μίσασθαι
1278 1171 1356 1211 pro
1423 1160 1766 1212 μκτώ>σασθαι
1830 1161 2002 1213 decepit

289 1226 619 1273 grammaticos.
667 1227 827 1267 Forma
872 1228 991 1268 enim
1036 1238 1194 1278 parum
1234 1228 1474 1279 probabilis
1514 1229 1702 1271 videtur.
1744 1228 1840 1270 Non
1879 1228 2000 1270 enim

292 1303 395 1333 vero
425 1294 494 1333 est
523 1294 670 1334 simile
702 1295 906 1336 extitisse
936 1297 1157 1345 quondam
1189 1297 1374 1337 verbum
1412 1296 1516 1348 μίειν
1546 1297 1644 1338 sive
1675 1296 1858 1349 μίεσθαι,
1885 1297 2001 1338 unde

290 1359 400 1410 μίτος
430 1362 475 1400 et
505 1366 648 1412 μιτοῦν
679 1365 879 1410 (-οὕσθαι)
912 1364 1118 1406 duxerint
1148 1365 1377 1415 originem.

235 1458 530 1514 Aristonymi
563 1461 614 1502 fr.
649 1463 688 1502 2.
731 1462 795 1503 Bi.
838 1464 1128 1515 καρκινοτήρης
1170 1465 1240 1504 vel
1281 1464 1596 1517 καρκινοπίπης,
1635 1466 1732 1506 Sine
1777 1465 1869 1506 ulla
1907 1466 2002 1507 veri

292 1529 449 1578 specie.
483 1530 603 1569 Idem
638 1530 757 1570 valet
788 1530 841 1571 de
872 1532 1138 1572 coniecturis
1170 1532 1369 1573 eiusdem
1400 1533 1446 1573 in
1477 1532 1529 1574 fr.
1557 1534 1583 1574 3
1620 1548 1678 1581 τις
1713 1533 1800 1581 (vel
1835 1529 1906 1574 ἐστ’
1934 1528 2002 1581 ἔτ’)

292 1595 452 1635 ἰδέσθαι
483 1607 559 1647 pro
591 1597 869 1650 κακοδαίμων,
909 1601 987 1639 aut
1023 1602 1177 1641 contra
1207 1602 1402 1641 metrum
1433 1599 1610 1654 βεμβρὰς
1643 1597 1713 1641 ἐστ’
1747 1596 1796 1640 ἔτ’
1829 1598 2002 1642 ἰδέσθαι.

292 1663 398 1704 Esse
424 1666 575 1705 tamen
607 1675 767 1706 sanum
799 1666 1058 1718 κακοδαίμων
1090 1668 1206 1708 haud
1238 1669 1350 1709 satis
1380 1669 1493 1709 mihi
1524 1670 1715 1710 constat.

236 1763 474 1818 Amipsiae
505 1765 557 1805 fr.
594 1767 631 1815 1,
667 1767 706 1806 2.
754 1780 796 1818 γε
836 1772 914 1806 νῦν
961 1767 1090 1808 malit
1129 1769 1194 1809 Bl.
1237 1780 1371 1818 quam
1407 1768 1482 1822 γὰρ
1522 1763 1598 1810 οὖν
1632 1779 1734 1810 cum
1765 1768 2000 1820 Meinekim

292 1833 406 1881 quod
432 1835 582 1873 tamen
614 1844 714 1875 raro
746 1834 829 1874 sibi
862 1838 1073 1876 constans
1104 1837 1196 1883 ipse
1227 1836 1384 1887 probat
1415 1838 1542 1878 Add.
1573 1848 1615 1889 p.
1647 1837 1749 1878 324.

235 1900 302 1939 Fr.
337 1901 376 1950 2,
412 1901 452 1939 2.
485 1900 620 1941 Recte
652 1900 857 1950 θοῦδατος
889 1903 1020 1943 idem.

235 1967 303 2006 Fr.
336 1969 375 2007 4.
418 1968 689 2009 Probabilius
730 1970 928 2011 Meineke
969 1982 1103 2021 quam
1149 1972 1236 2023 Bl.‚
1279 1973 1352 2022 qui
1393 1973 1597 2023 proponit
1636 1970 1712 2026 ἐγὼ
1745 1971 1752 2025 Ι
1790 1971 2004 2025 Διόνυσος,

294 2034 450 2075 deletis
482 2033 525 2074 δὲ
561 2038 607 2076 et
637 2043 771 2076 πᾶσιν.

235 2101 302 2140 Fr.
335 2104 375 2141 ὃ.
404 2102 606 2144 Postulat
636 2105 700 2145 Bl.
731 2105 983 2157 κριβανίτης,
1014 2106 1204 2147 formam
1235 2107 1431 2148 solitam.

235 2169 303 2208 Fr.
337 2170 376 2209 7.
410 2170 474 2210 Bl.
529 2170 692 2222 δίδομεν
746 2175 791 2213 et
836 2176 1014 2224 κωλῆνα,
1070 2185 1182 2224 quae
1231 2175 1430 2216 vocabuli
1476 2176 1620 2216 forma
1664 2176 1710 2216 in
1756 2175 2003 2226 antiquiore

294 2238 518 2278 comoedia
549 2250 634 2279 non
665 2242 867 2281 occurrit.
901 2242 1016 2282 Sana
1048 2245 1154 2283 sunt
1185 2242 1341 2283 δίδοται
1372 2245 1418 2284 et
1447 2246 1567 2294 κωλῆ.

236 2304 303 2343 Fr.
337 2306 376 2354 9,
412 2306 451 2345 2.
492 2305 624 2346 πόθεν
656 2305 800 2355 ὀξυ-ς
846 2309 910 2349 Bl.
954 2309 1028 2350 cft.
1071 2310 1354 2360 Aristophan.
1397 2311 1449 2352 fr.
1491 2312 1593 2352 462.
1636 2310 1851 2361 Usurpari
1889 2310 2005 2352 solet

295 2371 483 2412 formula
529 2383 662 2414 sensu
711 2375 916 2426 optativi,
962 2378 1012 2416 ut
1052 2382 1137 2424 πῶς
1178 2375 1230 2416 ἄν
1248 2392 1322 2426 -;
1363 2377 1425 2419 Cl'.
1460 2378 1534 2419 Ar.
1567 2378 1666 2419 Pac.
1702 2379 1756 2419 21
1790 2377 1922 2419 πόθεν
1951 2375 2005 2418 ἂν

294 2438 491 2491 πριαίμην
522 2439 613 2493 ῥῖνα
645 2440 699 2493 μὴ
732 2441 992 2495 “requivam

236 2505 302 2545 Fr.
337 2507 402 2557 10,
437 2510 476 2548 3.
519 2509 782 2559 Suspectum
823 2511 934 2551 mihi
970 2511 1368 2569 παραμαινομένῳ,
1408 2513 1520 2563 quod
1554 2514 1782 2564 Amipsius
1811 2523 2003 2555 novasse

294 2574 465 2614 videtur
491 2576 655 2618 Kockio
682 2579 735 2618 ad
762 2579 1014 2629 analogiam
1031 2580 1153 2620 verbi
1170 2580 1427 2633 παραπαίειν,
1442 2591 1553 2630 quae
1570 2581 1730 2622 fuisset
1745 2581 2002 2623 falsissima.

293 2641 466 2683 Conieci
497 2658 526 2683 π
538 2644 563 2683 ά
577 2660 598 2683 ν
611 2660 636 2685 υ
669 2644 911 2702 μαινομένῳ.

238 2708 303 2748 Fr.
338 2710 408 2758 22,
442 2711 481 2751 2.
530 2712 593 2752 Bl.
639 2714 802 2763 partim
851 2724 953 2754 cum
1000 2713 1187 2755 Cobeto:
1236 2714 1287 2755 σὺ
1329 2711 1367 2755 δ’
1411 2710 1501 2771 ᾆδε,
1545 2717 1664 2768 τήνδε
1705 2713 1743 2757 δ’
1787 2714 1863 2770 ἐγὼ
1907 2715 2004 2765 τέως

295 2774 498 2828 ἐκπίομαι,
524 2780 756 2821 conferens
783 2784 933 2821 tamen
960 2781 1012 2822 de
1038 2782 1421 2832 antepaenultima
1446 2786 1645 2834 correpta
1661 2784 1771 2825 Plat.
1788 2783 1830 2824 11
1846 2785 1932 2826 616
1947 2784 2002 2826 Μ.

295 2842 479 2896 ἐκπίομαι
520 2850 565 2887 et
596 2849 783 2899 Epicrat.
818 2851 858 2900 2,
893 2851 943 2889 21
981 2850 1033 2891 Κ.
1066 2850 1250 2902 πῖομένη.
1293 2873 1336 2880 --
1366 2851 1440 2892 VS.
1475 2854 1515 2893 5.
1548 2852 1766 2893 Headlam
1795 2847 1873 2892 ἀλλ’
1908 2849 2003 2904 ἐρᾶν

295 2925 333 2950 τε
364 2912 449 2952 καὶ
481 2912 683 2954 ἐσθίειν
711 2919 857 2959 <πιεῖν
883 2925 979 2959 τε>.
1006 2917 1056 2957 σὺ
1088 2916 1164 2958 nti.
1197 2918 1370 2959 Dubito.
1403 2919 1503 2970 Ipse
1534 2920 1748 2961 traditum
1778 2918 2004 2960 κατεσθίειν

296 2979 509 3021 habebam
563 2993 640 3032 pro
687 2983 955 3033 glossemate
1005 2986 1182 3035 genuini
1230 2985 1349 3026 verbi
1391 2990 1620 3038 σπαθᾶν,
1661 2988 1712 3027 ut
1752 2997 1821 3038 ap.
1861 2986 2007 3028 Schol.

298 3046 405 3086 Nub.
444 3049 513 3098 58,
552 3050 647 3090 coll.
689 3050 863 3102 Diphilo
906 3052 963 3093 IV
995 3053 1096 3103 395,
1130 3063 1212 3094 nec
1243 3055 1367 3094 muto
1407 3055 1690 3095 sententiam.
1732 3054 1796 3095 Bl.
1828 3054 2001 3106 probat,

297 3116 345 3153 ut
377 3115 468 3164 ipse
500 3118 719 3166 quondam
753 3119 853 3170 feci,
888 3120 1214 3161 Melneklanum
1246 3118 1511 3161 κάσθίειν.

238 3181 303 3222 Fr.
338 3183 407 3222 28.
457 3184 558 3224 Sine
599 3195 733 3226 causa
775 3187 839 3227 Bl.
884 3186 920 3227 εἰ
961 3190 1067 3236 τοῖς
1098 3190 1315 3229 θανοῦσιν.
1359 3188 1500 3240 supra
1544 3199 1724 3231 eoecum
1770 3199 2003 3241 assurgere

300 3250 471 3290 videtur
501 3253 654 3293 oratio.
