2216 3522
1042 210 1124 248 119

259 332 364 373 Coll.
407 333 480 382 Eq.
535 334 620 373 762
669 334 938 373 conieceram
981 334 1350 386 παραβάλλου,
1391 338 1505 386 quod
1546 348 1661 377 nunc
1701 340 1962 388 occupatum

261 399 386 440 video
419 410 445 439 a
474 400 552 449 Bl.,
587 400 659 449 qui
690 411 846 450 parum
878 401 978 450 apte
1004 402 1231 450 praeterea
1255 404 1459 453 proponit
1491 404 1768 456 καταχάλα.
1800 405 1963 445 Deinde

260 467 480 518 κιλίκια,
519 467 667 518 vela,
711 469 830 507 certa
872 468 1125 508 coniectura
1165 471 1361 510 restituit
1403 471 1449 511 O.
1489 471 1668 511 Crusius
1701 482 1756 511 ex
1787 471 1964 522 Ulpiani

259 533 471 586 Digestis,
515 536 638 575 cuius
680 535 762 575 viri
803 535 919 574 docti
961 536 1183 585 egregiam
1224 538 1276 577 de
1318 539 1399 579 hac
1442 540 1592 588 ecloga
1622 539 1964 588 disputationem

261 603 359 643 vide
390 602 436 642 in
467 603 692 652 Philologo
723 613 761 642 a.
798 603 923 652 1880,
953 613 1050 652 pag.
1079 605 1165 644 616
1193 615 1273 655 sq.,
1302 606 1376 645 ubi
1404 607 1477 646 eft..
1505 607 1610 646 Poll.
1640 607 1659 645 I
1687 607 1756 645 91.
1785 606 1866 645 VII
1892 608 1962 657 73,

261 672 305 710 et
334 670 481 710 locum
512 669 749 719 gemellum
782 679 879 709 esse
911 672 1079 719 monet,
1112 671 1185 710 ubi
1212 671 1439 713 Palaestra
1464 674 1628 723 proelia
1654 673 1836 713 Veneris
1864 685 1963 714 cum

261 738 393 778 Lucio
441 737 570 787 (apud
611 737 852 776 Lucianum
894 737 939 776 in
981 738 1132 784 Asino)
1177 740 1431 780 committit.
1465 763 1517 768 —
1554 741 1627 780 Vs.
1662 743 1702 780 5.
1736 741 1884 780 Malim
1916 756 1964 780 τε

261 809 348 845 λῦε
387 816 463 855 pro
504 803 654 843 ἔκλυε
694 814 794 844 cum
837 804 1087 856 Blaydesio,
1131 806 1204 855 qui
1246 807 1319 847 oft.
1352 807 1453 848 Eur.
1488 808 1558 848 Or.
1593 809 1692 848 706.
1736 812 1780 847 et
1810 809 1962 858 tragic.

263 874 408 923 adesp.
442 872 542 923 413,
578 872 602 911 2
635 867 776 912 ch.².

203 942 271 982 Fr.
308 942 375 991 11,
410 941 479 980 20.
507 937 684 986 ἄναυδος
710 940 828 979 recte
856 939 1028 990 Kaibel,
1058 937 1240 992 ἀναύδη]
1259 955 1318 980 τοι
1351 941 1508 988 (deleto
1525 939 1615 988 τότ’)
1633 943 1696 982 ΒΙ.
1718 965 1769 971 —-
1789 942 1863 982 VS.
1896 944 1963 982 12.

263 1009 468 1049 Retracto
514 1017 630 1047 nunc
672 1007 968 1046 coniecturam
1010 1007 1100 1047 iam
1142 1018 1168 1047 a
1217 1009 1374 1049 Bothio
1423 1011 1690 1059 propositam
1740 1006 1865 1060 ἅφαθ’
1911 1008 1964 1057 ὡς

261 1074 434 1126 ἀτόπων,
474 1075 574 1124 quia
605 1074 689 1113 dici
719 1073 889 1113 solebat
919 1071 1076 1124 ἄφατον
1108 1073 1179 1125 ὡς,
1210 1086 1290 1116 1130
1321 1075 1500 1127 ἀφάτως,
1531 1079 1644 1126 quod
1674 1078 1818 1117 lexica
1848 1078 1963 1127 igno-

260 1145 380 1193 rant,
413 1141 544 1182 scribi
574 1142 734 1191 potest.
752 1141 893 1180 ——Ad
926 1151 990 1181 ve.
1027 1143 1080 1181 16
1114 1142 1160 1182 Ο.
1195 1141 1374 1183 Crusius
1405 1146 1532 1194 putat
1557 1146 1731 1194 poetam
1763 1146 1962 1195 innuere,

261 1212 382 1261 ipsos
414 1209 690 1249 academicos
722 1208 1056 1248 cucurbitae
1098 1211 1289 1259 capita
1329 1211 1686 1262 (Hohlkopfe,
1721 1212 1965 1251 Wasser-

262 1276 438 1326 kopfe)
479 1276 658 1326 habere,
703 1275 799 1315 coll.
843 1275 1072 1326 Hermippi
1113 1276 1166 1317 fr.
1208 1277 1228 1316 Ι
1270 1289 1310 1327 p.
1346 1279 1431 1318 248
1464 1279 1515 1318 K.
1550 1278 1622 1329 τὴν
1653 1278 1831 1329 κεφαλὴν
1866 1278 1964 1330 ὅσην

261 1344 337 1397 ἔχει
379 1342 478 1395 ὅσην
517 1342 782 1394 κολοκύντην,
818 1353 928 1391 quae
962 1343 1095 1383 verba
1126 1345 1180 1384 ad
1206 1345 1443 1395 oblongum
1475 1347 1654 1386 Periclis
1687 1348 1816 1395 caput
1847 1349 1965 1386 recte

261 1411 432 1453 rettulit
476 1410 687 1451 Meineke.
719 1432 777 1437 —-
809 1410 917 1450 Vide
967 1413 1119 1451 autem
1166 1423 1297 1461 quam
1345 1413 1515 1463 egregie
1562 1414 1624 1453 rei
1669 1414 1963 1454 ludicritatem

262 1481 422 1530 augeat
450 1477 735 1528 magnificum
765 1477 872 1517 illud
903 1475 1023 1518 οὐδὲν
1055 1476 1243 1531 ὀρινθείς.

204 1595 391 1640 Cratini
423 1595 626 1638 minoris
658 1596 709 1636 fr.
743 1596 775 1647 I,
808 1597 844 1637 1.
879 1595 1061 1648 ἐνθυμοῦ
1093 1598 1258 1638 frustra
1289 1599 1353 1638 Bl.
1387 1601 1430 1639 et
1462 1600 1557 1639 sine
1590 1610 1722 1639 causa
1752 1610 1818 1639 vs.
1853 1599 1878 1638 2
1913 1595 1965 1638 δ’.

261 1663 389 1714 Apud
419 1663 620 1704 Eustath.
653 1664 752 1714 985,
787 1665 840 1704 51
884 1664 1053 1716 πειώλης
1094 1665 1138 1704 111
1179 1666 1335 1716 πεώδης
1373 1667 1641 1716 probabilius
1671 1667 1788 1706 idem
1819 1669 1964 1706 mutat

264 1742 391 1781 quam
426 1731 550 1770 Kock
580 1731 625 1770 in
658 1731 906 1782 πριαπώδης.

205 1800 274 1839 Fr.
307 1799 348 1849 4,
384 1799 422 1838 2.
458 1798 728 1838 Coniecturis
760 1799 880 1839 addit
911 1800 974 1840 Bl.
1008 1806 1143 1852 μαχῶν
1175 1823 1234 1829 -
1264 1801 1413 1840 πόνων.

205 1867 273 1907 Fr.
307 1868 347 1917 5,
382 1867 421 1906 2.
455 1866 493 1904 A
534 1865 619 1905 fine
666 1866 781 1905 idem
829 1867 1003 1916 supplet
1049 1866 1165 1919 χρῆτέ
1210 1870 1286 1908 aut
1331 1866 1445 1920 χρᾶτέ
1463 1870 1527 1915 (ll)
1569 1883 1635 1919 μοι
1678 1868 1748 1908 vel
1788 1868 1965 1920 χρήσατε.

263 1933 414 1973 Priora
439 1942 597 1982 graeca
622 1943 709 1973 non
732 1935 838 1973 sunt
863 1945 939 1983 pro
965 1934 1137 1987 κίχρατε,
1162 1938 1436 1985 postremum
1465 1947 1620 1976 verum
1649 1946 1746 1976 esse
1774 1938 1965 1986 potest

263 2002 308 2041 et
338 2011 388 2040 eo
419 2001 597 2040 nomine
638 2002 836 2050 praestat
867 2002 1022 2041 Kockii
1054 2003 1330 2043 coniecturae
1362 2002 1520 2058 λῄδιον,
1552 2004 1663 2053 quod
1696 2005 1758 2082 113
1789 2004 1965 2054 plenam

262 2067 477 2108 habemus
507 2068 790 2107 sententiam

203 2135 272 2176 Fr.
307 2137 345 2186 7,
379 2135 419 2175 2.
453 2135 550 2175 Ιι113
581 2135 697 2174 1ᾱ3111
730 2135 920 2185 praefert
951 2137 1161 2186 Scaligeri
1193 2138 1505 2178 coniecturam.

204 2203 273 2243 Fr.
307 2204 347 2253 9,
382 2204 422 2243 5.
463 2203 696 2252 perperam
731 2203 884 2252 probat
915 2204 1268 2244 infelicissimam
1299 2205 1500 2244 Meinekii
1534 2206 1829 2245 coniecturam
1862 2219 1963 2256 φρα-

262 2269 400 2323 τέριος.
431 2271 513 2327 Pro
545 2271 721 2319 Bergkii
753 2271 1022 2312 correctione
1053 2272 1220 2312 faciunt
1251 2275 1425 2322 praeter
1461 2274 1606 2323 ipsum
1640 2273 1740 2319 Ζεὺς
1771 2272 1965 2324 Φράτριος

264 2337 452 2391 φρατρία,
491 2337 773 2389 φρατρίαρχος,
813 2338 1085 2390 φρατριάζειν,
1130 2340 1375 2392 φρατρίζειν,
1414 2339 1457 2379 τὸ
1494 2340 1708 2392 φράτριον,
1752 2339 1966 2392 Φράτριος,

264 2394 428 2456 Cymae
459 2405 650 2445 Asianae
682 2406 868 2456 mensiS,
904 2406 990 2446 alia
1021 2407 1176 2447 multa.

206 2474 274 2514 Fr.
310 2475 377 2524 10,
397 2474 437 2514 2.
464 2473 704 2513 Verissime
736 2473 967 2513 Richards:
1000 2473 1098 2512 κατὰ
1130 2473 1216 2513 τὸν
1249 2471 1422 2514 Πλάτων’
1455 2474 1529 2514 οὐκ
1554 2470 1644 2514 οἶδα
1672 2473 1841 2526 <μέν>,
1867 2473 1966 2513 ’ὑπο-

264 2546 345 2580 νοῶ
377 2537 410 2580 δ’.
447 2539 560 2592 ἔχειν.
592 2540 783 2589 Recepta
814 2541 1055 2581 Hermanni
1088 2543 1297 2582 correctio
1329 2543 1431 2582 ferri
1462 2543 1624 2591 nequit.

206 2609 272 2648 Fr.
308 2609 375 2659 12,
414 2609 452 2648 1.
498 2606 762 2659 <ἐμ>πεσὼν
808 2610 971 2648 rectius
1013 2610 1165 2649 Iacobs
1206 2621 1338 2659 quam
1385 2608 1660 2651 <εῑσ>πεσὼυ
1703 2610 1867 2659 Bergk;
1911 2609 1965 2656 εἰς

263 2676 406 2729 ἐγγύας
437 2675 547 2723 τινὰς
578 2674 710 2715 πεσὼν
742 2677 943 2725 proponit
974 2676 1175 2725 Blaydes.

205 2746 272 2785 Fr.
295 2745 360 2785 13.
378 2742 531 2796 ἐκφέρει
557 2743 718 2792 triplici
744 2744 996 2784 coniectura
1019 2747 1185 2784 temere
1213 2745 1420 2785 sollicitat
1446 2745 1510 2783 Bl.
1530 2743 1730 2784 Ceterum
1748 2744 1964 2783 incertum

266 2813 353 2862 est,
386 2821 516 2850 urum
549 2806 742 2860 ΘΚφέρει
774 2821 830 2850 311
863 2808 1072 2861 ΘΙΟφέρει
1105 2811 1163 2850 sit
1196 2810 1386 2859 genuina
1418 2810 1562 2848 lectio.
1598 2809 1744 2848 Orasis
1775 2808 1965 2859 κίχθύδια

266 2880 443 2920 unicum
475 2880 727 2930 exemplum
761 2878 882 2918 Kock
913 2874 1096 2917 noverat
1118 2877 1325 2929 χὶκετεύετε
1353 2876 1448 2916 Hel.
1480 2877 1605 2923 1024,
1630 2876 1819 2915 alterum
1847 2876 1967 2915 addit

265 2946 329 2987 Bl.
361 2947 514 2986 κίταλία
546 2949 598 2989 fr.
632 2949 778 2996 adesp.
814 2957 925 2986 com.
964 2947 1089 2985 1259.

210 3060 484 3116 Ophellonis
517 3066 557 3104 3.
600 3042 708 3106 <τι>
745 3062 882 3115 πέπερι
915 3063 979 3102 Bl.

208 3169 501 3215 Nausicratis
534 3173 586 3214 fr.
623 3175 659 3213 1.
690 3173 714 3211 2
748 3172 846 3211 inde
878 3182 903 3210 a
936 3182 998 3210 vs.
1033 3173 1058 3211 5
1093 3170 1358 3223 adscribam,
1400 3171 1448 3209 ut
1480 3170 1679 3219 lacunas,
1714 3170 1811 3210 coll.
1846 3170 1964 3209 Anti-

267 3239 424 3288 phanis
455 3241 505 3280 fr.
539 3241 615 3290 49,
649 3240 810 3290 partim
843 3240 941 3288 apte
975 3238 1223 3287 explevisse
1256 3237 1427 3276 videtur
1460 3237 1699 3276 Headlam:
