<?xml version="1.0" encoding="UTF-8"?>
<!DOCTYPE html PUBLIC "-//W3C//DTD XHTML 1.0 Transitional//EN"
    "http://www.w3.org/TR/xhtml1/DTD/xhtml1-transitional.dtd">
<html xmlns="http://www.w3.org/1999/xhtml" xml:lang="en" lang="en">
 <head>
  <title>
</title>
<meta http-equiv="Content-Type" content="text/html;charset=utf-8" />
  <meta name='ocr-system' content='tesseract 3.04.00' />
  <meta name='ocr-capabilities' content='ocr_page ocr_carea ocr_par ocr_line ocrx_word'/>
</head>
<body>
  <div class='ocr_page' id='page_1' title='image "./collectaneacriti00herwuoft_0101.png"; bbox 0 0 2216 3522; ppageno 0'>
   <div class='ocr_carea' id='block_1_1' title="bbox 1033 226 1087 265">
    <p class='ocr_par' dir='ltr' id='par_1_1' title="bbox 1033 226 1087 265">
     <span class='ocr_line' id='line_1_1' title="bbox 1033 226 1087 265; baseline 0 0"><span class='ocrx_word' id='word_1_1' title='bbox 1033 226 1087 265; x_wconf 89' lang='lat'>87</span> 
     </span>
    </p>
   </div>
   <div class='ocr_carea' id='block_1_2' title="bbox 68 349 1955 3306">
    <p class='ocr_par' dir='ltr' id='par_1_2' title="bbox 238 349 1945 737">
     <span class='ocr_line' id='line_1_2' title="bbox 238 349 1945 404; baseline 0.001 -15"><span class='ocrx_word' id='word_1_2' title='bbox 238 349 500 399; x_wconf 75' lang='lat' dir='ltr'>fragmentis</span> <span class='ocrx_word' id='word_1_3' title='bbox 530 350 762 390; x_wconf 88' lang='lat' dir='ltr'>traduntur</span> <span class='ocrx_word' id='word_1_4' title='bbox 787 350 954 391; x_wconf 77' lang='lat' dir='ltr'>formae</span> <span class='ocrx_word' id='word_1_5' title='bbox 985 351 1240 391; x_wconf 83' lang='lat' dir='ltr'>dialecticae</span> <span class='ocrx_word' id='word_1_6' title='bbox 1272 353 1317 391; x_wconf 89' lang='lat' dir='ltr'>et</span> <span class='ocrx_word' id='word_1_7' title='bbox 1347 351 1651 391; x_wconf 88' lang='lat' dir='ltr'>hellenisticae</span> <span class='ocrx_word' id='word_1_8' title='bbox 1683 352 1867 404; x_wconf 84' lang='grc' dir='ltr'><strong><em>γίνεσθαι</em></strong></span> <span class='ocrx_word' id='word_1_9' title='bbox 1900 356 1945 393; x_wconf 88' lang='lat' dir='ltr'>et</span> 
     </span>
     <span class='ocr_line' id='line_1_3' title="bbox 239 416 1945 471; baseline 0.002 -15"><span class='ocrx_word' id='word_1_10' title='bbox 239 416 447 469; x_wconf 77' lang='grc' dir='ltr'><strong><em>γινώσκειν</em></strong></span> <span class='ocrx_word' id='word_1_11' title='bbox 487 427 565 467; x_wconf 92' lang='lat' dir='ltr'>pro</span> <span class='ocrx_word' id='word_1_12' title='bbox 602 418 750 458; x_wconf 86' lang='lat' dir='ltr'>atticis</span> <span class='ocrx_word' id='word_1_13' title='bbox 779 418 990 471; x_wconf 83' lang='grc' dir='ltr'><strong><em>γίγνεσθαι</em></strong></span> <span class='ocrx_word' id='word_1_14' title='bbox 1021 420 1067 458; x_wconf 90' lang='lat' dir='ltr'>et</span> <span class='ocrx_word' id='word_1_15' title='bbox 1095 418 1347 471; x_wconf 77' lang='grc' dir='ltr'><em>γιγνώσκειν,</em></span> <span class='ocrx_word' id='word_1_16' title='bbox 1378 429 1488 468; x_wconf 90' lang='lat' dir='ltr'>quae</span> <span class='ocrx_word' id='word_1_17' title='bbox 1519 420 1615 458; x_wconf 90' lang='lat' dir='ltr'>sine</span> <span class='ocrx_word' id='word_1_18' title='bbox 1645 421 1945 459; x_wconf 86' lang='lat' dir='ltr'>controversia</span> 
     </span>
     <span class='ocr_line' id='line_1_4' title="bbox 242 484 1941 537; baseline 0.002 -13"><span class='ocrx_word' id='word_1_19' title='bbox 242 484 399 534; x_wconf 87' lang='lat' dir='ltr'>ubique</span> <span class='ocrx_word' id='word_1_20' title='bbox 427 485 725 526; x_wconf 79' lang='lat' dir='ltr'>restituendae</span> <span class='ocrx_word' id='word_1_21' title='bbox 755 486 941 527; x_wconf 85' lang='lat' dir='ltr'>fuerant.</span> <span class='ocrx_word' id='word_1_22' title='bbox 973 487 1078 526; x_wconf 87' lang='lat' dir='ltr'>Illas</span> <span class='ocrx_word' id='word_1_23' title='bbox 1110 497 1212 526; x_wconf 91' lang='lat' dir='ltr'>vero</span> <span class='ocrx_word' id='word_1_24' title='bbox 1242 489 1442 526; x_wconf 81' lang='lat' dir='ltr'>recentes</span> <span class='ocrx_word' id='word_1_25' title='bbox 1468 487 1702 536; x_wconf 84' lang='lat' dir='ltr'>scriptores</span> <span class='ocrx_word' id='word_1_26' title='bbox 1729 489 1773 526; x_wconf 89' lang='lat' dir='ltr'>et</span> <span class='ocrx_word' id='word_1_27' title='bbox 1803 498 1941 537; x_wconf 89' lang='lat' dir='ltr'>gram-</span> 
     </span>
     <span class='ocr_line' id='line_1_5' title="bbox 242 553 1942 605; baseline 0.002 -13"><span class='ocrx_word' id='word_1_28' title='bbox 242 553 428 592; x_wconf 88' lang='lat' dir='ltr'>maticos</span> <span class='ocrx_word' id='word_1_29' title='bbox 468 553 604 593; x_wconf 88' lang='lat' dir='ltr'>etiam</span> <span class='ocrx_word' id='word_1_30' title='bbox 637 554 785 593; x_wconf 90' lang='lat' dir='ltr'>citatis</span> <span class='ocrx_word' id='word_1_31' title='bbox 814 554 909 594; x_wconf 88' lang='lat' dir='ltr'>suis</span> <span class='ocrx_word' id='word_1_32' title='bbox 938 555 1253 605; x_wconf 85' lang='lat' dir='ltr'>introduxisse,</span> <span class='ocrx_word' id='word_1_33' title='bbox 1294 555 1402 594; x_wconf 87' lang='lat' dir='ltr'>nihil</span> <span class='ocrx_word' id='word_1_34' title='bbox 1445 555 1592 594; x_wconf 89' lang='lat' dir='ltr'>hercle</span> <span class='ocrx_word' id='word_1_35' title='bbox 1623 556 1693 594; x_wconf 90' lang='lat' dir='ltr'>est</span> <span class='ocrx_word' id='word_1_36' title='bbox 1724 555 1834 604; x_wconf 91' lang='lat' dir='ltr'>quod</span> <span class='ocrx_word' id='word_1_37' title='bbox 1866 556 1942 594; x_wconf 91' lang='lat' dir='ltr'>mi-</span> 
     </span>
     <span class='ocr_line' id='line_1_6' title="bbox 240 615 1940 672; baseline 0.001 -12"><span class='ocrx_word' id='word_1_38' title='bbox 240 630 400 660; x_wconf 91' lang='lat' dir='ltr'>remur.</span> <span class='ocrx_word' id='word_1_39' title='bbox 436 643 488 649; x_wconf 84' lang='lat'>—-</span> <span class='ocrx_word' id='word_1_40' title='bbox 520 621 595 661; x_wconf 91' lang='lat' dir='ltr'>Vs.</span> <span class='ocrx_word' id='word_1_41' title='bbox 628 622 668 661; x_wconf 81' lang='lat'>2.</span> <span class='ocrx_word' id='word_1_42' title='bbox 709 637 767 669; x_wconf 87' lang='grc' dir='ltr'>τις</span> <span class='ocrx_word' id='word_1_43' title='bbox 803 615 847 660; x_wconf 81' lang='grc' dir='ltr'>εὖ</span> <span class='ocrx_word' id='word_1_44' title='bbox 887 621 1074 662; x_wconf 84' lang='lat' dir='ltr'>forsitan</span> <span class='ocrx_word' id='word_1_45' title='bbox 1106 623 1224 661; x_wconf 89' lang='lat' dir='ltr'>recte</span> <span class='ocrx_word' id='word_1_46' title='bbox 1264 622 1350 671; x_wconf 92' lang='lat' dir='ltr'>Bl.,</span> <span class='ocrx_word' id='word_1_47' title='bbox 1394 622 1508 670; x_wconf 91' lang='lat' dir='ltr'>quod</span> <span class='ocrx_word' id='word_1_48' title='bbox 1550 617 1605 669; x_wconf 83' lang='grc' dir='ltr'>εἷς</span> <span class='ocrx_word' id='word_1_49' title='bbox 1647 637 1704 669; x_wconf 91' lang='grc' dir='ltr'>τις</span> <span class='ocrx_word' id='word_1_50' title='bbox 1734 633 1940 672; x_wconf 88' lang='lat' dir='ltr'>graecum</span> 
     </span>
     <span class='ocr_line' id='line_1_7' title="bbox 241 683 934 737; baseline 0 -10"><span class='ocrx_word' id='word_1_51' title='bbox 241 687 318 737; x_wconf 76' lang='lat' dir='ltr'>Sit,</span> <span class='ocrx_word' id='word_1_52' title='bbox 355 697 442 727; x_wconf 89' lang='lat' dir='ltr'>non</span> <span class='ocrx_word' id='word_1_53' title='bbox 473 703 529 735; x_wconf 85' lang='grc' dir='ltr'><strong><em>τις</em></strong></span> <span class='ocrx_word' id='word_1_54' title='bbox 561 683 617 735; x_wconf 81' lang='grc' dir='ltr'>εἷς</span> <span class='ocrx_word' id='word_1_55' title='bbox 650 689 756 734; x_wconf 86' lang='lat' dir='ltr'>(cod.</span> <span class='ocrx_word' id='word_1_56' title='bbox 789 691 934 735; x_wconf 84' lang='grc' dir='ltr'><strong><em>τισεις).</em></strong></span> 
     </span>
    </p>

    <p class='ocr_par' dir='ltr' id='par_1_3' title="bbox 180 754 1944 1144">
     <span class='ocr_line' id='line_1_8' title="bbox 180 754 1943 809; baseline 0.002 -15"><span class='ocrx_word' id='word_1_57' title='bbox 180 754 249 795; x_wconf 82' lang='lat' dir='ltr'>Fr.</span> <span class='ocrx_word' id='word_1_58' title='bbox 285 755 383 807; x_wconf 86' lang='lat'>174,</span> <span class='ocrx_word' id='word_1_59' title='bbox 415 758 451 796; x_wconf 93' lang='grc'>1.</span> <span class='ocrx_word' id='word_1_60' title='bbox 483 755 714 809; x_wconf 77' lang='grc' dir='ltr'><strong><em>ἐπεισήγαγε</em></strong></span> <span class='ocrx_word' id='word_1_61' title='bbox 739 768 815 806; x_wconf 94' lang='lat' dir='ltr'>pro</span> <span class='ocrx_word' id='word_1_62' title='bbox 847 755 1051 808; x_wconf 82' lang='grc' dir='ltr'><strong><em>ἐπεισῆγεν</em></strong></span> <span class='ocrx_word' id='word_1_63' title='bbox 1086 758 1235 797; x_wconf 91' lang='lat' dir='ltr'>nescio</span> <span class='ocrx_word' id='word_1_64' title='bbox 1266 768 1323 796; x_wconf 92' lang='lat' dir='ltr'>an</span> <span class='ocrx_word' id='word_1_65' title='bbox 1354 759 1472 797; x_wconf 90' lang='lat' dir='ltr'>recte</span> <span class='ocrx_word' id='word_1_66' title='bbox 1503 757 1708 807; x_wconf 88' lang='lat' dir='ltr'>Blaydes,</span> <span class='ocrx_word' id='word_1_67' title='bbox 1736 758 1811 797; x_wconf 88' lang='lat' dir='ltr'>sed</span> <span class='ocrx_word' id='word_1_68' title='bbox 1828 758 1943 797; x_wconf 89' lang='lat' dir='ltr'>male</span> 
     </span>
     <span class='ocr_line' id='line_1_9' title="bbox 241 821 1944 875; baseline 0.001 -13"><span class='ocrx_word' id='word_1_69' title='bbox 241 821 310 862; x_wconf 76' lang='grc' dir='ltr'><strong><em>καὶ</em></strong></span> <span class='ocrx_word' id='word_1_70' title='bbox 338 834 416 874; x_wconf 91' lang='lat' dir='ltr'>pro</span> <span class='ocrx_word' id='word_1_71' title='bbox 447 821 473 875; x_wconf 79' lang='grc' dir='ltr'><strong>ἢ</strong></span> <span class='ocrx_word' id='word_1_72' title='bbox 504 825 669 870; x_wconf 89' lang='lat' dir='ltr'>(sive).</span> <span class='ocrx_word' id='word_1_73' title='bbox 702 823 764 864; x_wconf 86' lang='lat' dir='ltr'>Cf.</span> <span class='ocrx_word' id='word_1_74' title='bbox 797 824 931 864; x_wconf 88' lang='lat' dir='ltr'>Kock.</span> <span class='ocrx_word' id='word_1_75' title='bbox 973 825 1095 864; x_wconf 89' lang='lat' dir='ltr'>Idem</span> <span class='ocrx_word' id='word_1_76' title='bbox 1131 824 1310 873; x_wconf 85' lang='lat' dir='ltr'>vulgato</span> <span class='ocrx_word' id='word_1_77' title='bbox 1343 835 1553 864; x_wconf 86' lang='lat' dir='ltr'>versuum</span> <span class='ocrx_word' id='word_1_78' title='bbox 1586 825 1736 864; x_wconf 89' lang='lat' dir='ltr'>ordine</span> <span class='ocrx_word' id='word_1_79' title='bbox 1768 827 1944 864; x_wconf 87' lang='lat' dir='ltr'>servato</span> 
     </span>
     <span class='ocr_line' id='line_1_10' title="bbox 241 891 1942 943; baseline 0.001 -13"><span class='ocrx_word' id='word_1_80' title='bbox 241 892 467 940; x_wconf 87' lang='lat' dir='ltr'>proposuit</span> <span class='ocrx_word' id='word_1_81' title='bbox 505 891 764 942; x_wconf 81' lang='grc' dir='ltr'><strong><em>σεμνοτάτης,</em></strong></span> <span class='ocrx_word' id='word_1_82' title='bbox 803 892 917 931; x_wconf 92' lang='lat' dir='ltr'>unde</span> <span class='ocrx_word' id='word_1_83' title='bbox 959 892 1056 940; x_wconf 91' lang='lat' dir='ltr'>quis</span> <span class='ocrx_word' id='word_1_84' title='bbox 1097 902 1259 940; x_wconf 89' lang='lat' dir='ltr'>quaeso</span> <span class='ocrx_word' id='word_1_85' title='bbox 1300 892 1504 932; x_wconf 89' lang='lat' dir='ltr'>librarius</span> <span class='ocrx_word' id='word_1_86' title='bbox 1540 893 1762 942; x_wconf 90' lang='lat' dir='ltr'>poeticum</span> <span class='ocrx_word' id='word_1_87' title='bbox 1804 903 1942 943; x_wconf 89' lang='grc' dir='ltr'><strong><em>σεμνο-</em></strong></span> 
     </span>
     <span class='ocr_line' id='line_1_11' title="bbox 242 957 1944 999; baseline 0.001 -2"><span class='ocrx_word' id='word_1_88' title='bbox 242 957 368 997; x_wconf 85' lang='grc' dir='ltr'><strong><em>πότου</em></strong></span> <span class='ocrx_word' id='word_1_89' title='bbox 413 958 623 998; x_wconf 82' lang='lat' dir='ltr'>fecisset?</span> <span class='ocrx_word' id='word_1_90' title='bbox 678 958 883 999; x_wconf 89' lang='lat' dir='ltr'>Geterum</span> <span class='ocrx_word' id='word_1_91' title='bbox 928 959 1117 999; x_wconf 84' lang='lat' dir='ltr'>fortasse</span> <span class='ocrx_word' id='word_1_92' title='bbox 1163 959 1343 998; x_wconf 90' lang='lat' dir='ltr'>omnino</span> <span class='ocrx_word' id='word_1_93' title='bbox 1390 960 1498 999; x_wconf 91' lang='lat' dir='ltr'>nihil</span> <span class='ocrx_word' id='word_1_94' title='bbox 1546 960 1797 999; x_wconf 91' lang='lat' dir='ltr'>novandum</span> <span class='ocrx_word' id='word_1_95' title='bbox 1844 969 1944 999; x_wconf 91' lang='lat' dir='ltr'>cum</span> 
     </span>
     <span class='ocr_line' id='line_1_12' title="bbox 242 1025 1942 1076; baseline 0.001 -11"><span class='ocrx_word' id='word_1_96' title='bbox 242 1025 428 1076; x_wconf 87' lang='lat' dir='ltr'>Kockio,</span> <span class='ocrx_word' id='word_1_97' title='bbox 476 1027 578 1075; x_wconf 89' lang='lat' dir='ltr'>quia</span> <span class='ocrx_word' id='word_1_98' title='bbox 617 1027 794 1066; x_wconf 86' lang='lat' dir='ltr'>brevius</span> <span class='ocrx_word' id='word_1_99' title='bbox 834 1028 903 1066; x_wconf 89' lang='lat' dir='ltr'>est</span> <span class='ocrx_word' id='word_1_100' title='bbox 939 1027 1239 1076; x_wconf 84' lang='lat' dir='ltr'>fragmentum</span> <span class='ocrx_word' id='word_1_101' title='bbox 1282 1037 1411 1075; x_wconf 89' lang='lat' dir='ltr'>quam</span> <span class='ocrx_word' id='word_1_102' title='bbox 1457 1028 1570 1067; x_wconf 88' lang='lat' dir='ltr'>unde</span> <span class='ocrx_word' id='word_1_103' title='bbox 1606 1027 1658 1066; x_wconf 90' lang='lat' dir='ltr'>de</span> <span class='ocrx_word' id='word_1_104' title='bbox 1689 1028 1826 1066; x_wconf 92' lang='lat' dir='ltr'>totius</span> <span class='ocrx_word' id='word_1_105' title='bbox 1856 1037 1942 1066; x_wconf 90' lang='lat' dir='ltr'>car-</span> 
     </span>
     <span class='ocr_line' id='line_1_13' title="bbox 240 1093 1332 1144; baseline 0.002 -12"><span class='ocrx_word' id='word_1_106' title='bbox 240 1093 376 1132; x_wconf 86' lang='lat' dir='ltr'>minis</span> <span class='ocrx_word' id='word_1_107' title='bbox 406 1095 720 1143; x_wconf 87' lang='lat' dir='ltr'>compositione</span> <span class='ocrx_word' id='word_1_108' title='bbox 752 1094 936 1134; x_wconf 88' lang='lat' dir='ltr'>metrica</span> <span class='ocrx_word' id='word_1_109' title='bbox 966 1095 1147 1134; x_wconf 89' lang='lat' dir='ltr'>iudicari</span> <span class='ocrx_word' id='word_1_110' title='bbox 1178 1094 1332 1144; x_wconf 87' lang='lat' dir='ltr'>possit.</span> 
     </span>
    </p>

    <p class='ocr_par' dir='ltr' id='par_1_4' title="bbox 121 1158 1947 1482">
     <span class='ocr_line' id='line_1_14' title="bbox 121 1158 1944 1213; baseline 0.001 -14"><span class='ocrx_word' id='word_1_111' title='bbox 121 1166 147 1181; x_wconf 76' lang='grc'>”</span> <span class='ocrx_word' id='word_1_112' title='bbox 184 1160 253 1200; x_wconf 81' lang='lat' dir='ltr'>Fr.</span> <span class='ocrx_word' id='word_1_113' title='bbox 288 1161 384 1211; x_wconf 87' lang='lat'>175,</span> <span class='ocrx_word' id='word_1_114' title='bbox 418 1162 457 1201; x_wconf 86' lang='lat'>2.</span> <span class='ocrx_word' id='word_1_115' title='bbox 505 1161 716 1211; x_wconf 83' lang='lat' dir='ltr'>Displicet</span> <span class='ocrx_word' id='word_1_116' title='bbox 761 1162 1030 1210; x_wconf 84' lang='lat' dir='ltr'>asyndet0n;</span> <span class='ocrx_word' id='word_1_117' title='bbox 1078 1172 1134 1201; x_wconf 91' lang='lat' dir='ltr'>an</span> <span class='ocrx_word' id='word_1_118' title='bbox 1179 1159 1266 1200; x_wconf 76' lang='grc' dir='ltr'><strong><em>καὶ</em></strong></span> <span class='ocrx_word' id='word_1_119' title='bbox 1312 1165 1406 1211; x_wconf 91' lang='lat' dir='ltr'>(pro</span> <span class='ocrx_word' id='word_1_120' title='bbox 1451 1158 1492 1212; x_wconf 81' lang='grc' dir='ltr'>ἡ)</span> <span class='ocrx_word' id='word_1_121' title='bbox 1534 1162 1731 1213; x_wconf 62' lang='grc' dir='ltr'><strong><em>Κύπροςῗ</em></strong></span> <span class='ocrx_word' id='word_1_122' title='bbox 1772 1162 1944 1201; x_wconf 88' lang='lat' dir='ltr'>Passim</span> 
     </span>
     <span class='ocr_line' id='line_1_15' title="bbox 242 1229 1947 1279; baseline 0.001 -12"><span class='ocrx_word' id='word_1_123' title='bbox 242 1229 476 1277; x_wconf 87' lang='lat' dir='ltr'>utramque</span> <span class='ocrx_word' id='word_1_124' title='bbox 517 1229 717 1268; x_wconf 89' lang='lat' dir='ltr'>voculam</span> <span class='ocrx_word' id='word_1_125' title='bbox 751 1239 778 1268; x_wconf 90' lang='lat' dir='ltr'>a</span> <span class='ocrx_word' id='word_1_126' title='bbox 808 1229 997 1268; x_wconf 89' lang='lat' dir='ltr'>librariis</span> <span class='ocrx_word' id='word_1_127' title='bbox 1038 1229 1244 1268; x_wconf 90' lang='lat' dir='ltr'>confundi</span> <span class='ocrx_word' id='word_1_128' title='bbox 1282 1230 1471 1268; x_wconf 87' lang='lat' dir='ltr'>constat.</span> <span class='ocrx_word' id='word_1_129' title='bbox 1515 1229 1728 1269; x_wconf 88' lang='lat' dir='ltr'>Similiter</span> <span class='ocrx_word' id='word_1_130' title='bbox 1759 1230 1947 1279; x_wconf 88' lang='lat' dir='ltr'>Epicrati</span> 
     </span>
     <span class='ocr_line' id='line_1_16' title="bbox 243 1294 1945 1348; baseline 0.002 -14"><span class='ocrx_word' id='word_1_131' title='bbox 243 1295 288 1334; x_wconf 91' lang='lat' dir='ltr'>in</span> <span class='ocrx_word' id='word_1_132' title='bbox 329 1295 381 1336; x_wconf 84' lang='lat' dir='ltr'>fr.</span> <span class='ocrx_word' id='word_1_133' title='bbox 416 1296 455 1346; x_wconf 84' lang='lat'>2,</span> <span class='ocrx_word' id='word_1_134' title='bbox 490 1297 547 1335; x_wconf 87' lang='lat'>20</span> <span class='ocrx_word' id='word_1_135' title='bbox 593 1294 697 1335; x_wconf 85' lang='grc' dir='ltr'><strong><em>ε’στὶν</em></strong></span> <span class='ocrx_word' id='word_1_136' title='bbox 736 1294 762 1348; x_wconf 76' lang='grc' dir='ltr'>ἢ</span> <span class='ocrx_word' id='word_1_137' title='bbox 804 1299 895 1346; x_wconf 91' lang='lat' dir='ltr'>(pro</span> <span class='ocrx_word' id='word_1_138' title='bbox 931 1295 1010 1335; x_wconf 85' lang='grc' dir='ltr'><strong><em>ἐστι</em></strong></span> <span class='ocrx_word' id='word_1_139' title='bbox 1040 1295 1122 1342; x_wconf 77' lang='grc' dir='ltr'><strong><em>καὶ)</em></strong></span> <span class='ocrx_word' id='word_1_140' title='bbox 1160 1296 1304 1336; x_wconf 78' lang='grc' dir='ltr'><strong><em>πτύσαι</em></strong></span> <span class='ocrx_word' id='word_1_141' title='bbox 1347 1297 1533 1342; x_wconf 90' lang='lat' dir='ltr'>reddidi,</span> <span class='ocrx_word' id='word_1_142' title='bbox 1578 1297 1691 1345; x_wconf 92' lang='lat' dir='ltr'>quod</span> <span class='ocrx_word' id='word_1_143' title='bbox 1733 1298 1945 1346; x_wconf 89' lang='lat' dir='ltr'>hodieque</span> 
     </span>
     <span class='ocr_line' id='line_1_17' title="bbox 243 1361 1944 1416; baseline -0.001 -13"><span class='ocrx_word' id='word_1_144' title='bbox 243 1363 529 1403; x_wconf 89' lang='lat' dir='ltr'>verisimilius</span> <span class='ocrx_word' id='word_1_145' title='bbox 569 1364 678 1404; x_wconf 92' lang='lat' dir='ltr'>duco</span> <span class='ocrx_word' id='word_1_146' title='bbox 718 1375 850 1413; x_wconf 90' lang='lat' dir='ltr'>quam</span> <span class='ocrx_word' id='word_1_147' title='bbox 890 1363 957 1403; x_wconf 80' lang='grc' dir='ltr'><strong><em>καὶ</em></strong></span> <span class='ocrx_word' id='word_1_148' title='bbox 997 1365 1116 1404; x_wconf 82' lang='grc' dir='ltr'><strong><em>κύσαι</em></strong></span> <span class='ocrx_word' id='word_1_149' title='bbox 1158 1365 1345 1411; x_wconf 87' lang='lat' dir='ltr'>(Jacobs)</span> <span class='ocrx_word' id='word_1_150' title='bbox 1388 1366 1433 1404; x_wconf 89' lang='lat' dir='ltr'>et</span> <span class='ocrx_word' id='word_1_151' title='bbox 1473 1367 1623 1404; x_wconf 83' lang='grc' dir='ltr'><strong><em>θᾶττον</em></strong></span> <span class='ocrx_word' id='word_1_152' title='bbox 1664 1361 1735 1403; x_wconf 79' lang='grc' dir='ltr'><strong><em>ἔστ’</em></strong></span> <span class='ocrx_word' id='word_1_153' title='bbox 1771 1362 1797 1416; x_wconf 82' lang='grc' dir='ltr'><strong>ἢ</strong></span> <span class='ocrx_word' id='word_1_154' title='bbox 1827 1379 1944 1403; x_wconf 82' lang='grc' dir='ltr'><strong><em>κατα-</em></strong></span> 
     </span>
     <span class='ocr_line' id='line_1_18' title="bbox 244 1430 657 1482; baseline 0 -11"><span class='ocrx_word' id='word_1_155' title='bbox 244 1430 368 1482; x_wconf 81' lang='grc' dir='ltr'><strong><em>μύσαι</em></strong></span> <span class='ocrx_word' id='word_1_156' title='bbox 399 1431 657 1478; x_wconf 89' lang='lat' dir='ltr'>(Headlam).</span> 
     </span>
    </p>

    <p class='ocr_par' dir='ltr' id='par_1_5' title="bbox 115 1498 1949 2023">
     <span class='ocr_line' id='line_1_19' title="bbox 115 1498 1945 1551; baseline -0.002 -11"><span class='ocrx_word' id='word_1_157' title='bbox 115 1533 123 1540; x_wconf 68' lang='grc'><strong>,</strong></span> <span class='ocrx_word' id='word_1_158' title='bbox 186 1500 255 1539; x_wconf 83' lang='lat' dir='ltr'>Fr.</span> <span class='ocrx_word' id='word_1_159' title='bbox 292 1499 388 1549; x_wconf 87' lang='lat'>176,</span> <span class='ocrx_word' id='word_1_160' title='bbox 424 1500 464 1540; x_wconf 84' lang='lat'>2.</span> <span class='ocrx_word' id='word_1_161' title='bbox 512 1500 678 1539; x_wconf 88' lang='lat' dir='ltr'>Iniuria</span> <span class='ocrx_word' id='word_1_162' title='bbox 718 1500 962 1540; x_wconf 89' lang='lat' dir='ltr'>Porsonum</span> <span class='ocrx_word' id='word_1_163' title='bbox 1004 1500 1260 1550; x_wconf 90' lang='lat' dir='ltr'>vituperans</span> <span class='ocrx_word' id='word_1_164' title='bbox 1300 1499 1364 1539; x_wconf 94' lang='lat' dir='ltr'>Bl.</span> <span class='ocrx_word' id='word_1_165' title='bbox 1407 1500 1608 1550; x_wconf 83' lang='grc' dir='ltr'><strong><em>τῆσ&lt;δε&gt;</em></strong></span> <span class='ocrx_word' id='word_1_166' title='bbox 1644 1498 1779 1551; x_wconf 80' lang='grc' dir='ltr'><strong><em>στέγης</em></strong></span> <span class='ocrx_word' id='word_1_167' title='bbox 1820 1499 1945 1539; x_wconf 85' lang='lat' dir='ltr'>corri-</span> 
     </span>
     <span class='ocr_line' id='line_1_20' title="bbox 245 1555 1947 1618; baseline -0.001 -12"><span class='ocrx_word' id='word_1_168' title='bbox 245 1555 442 1617; x_wconf 81' lang='lat' dir='ltr'>gentem,</span> <span class='ocrx_word' id='word_1_169' title='bbox 488 1566 583 1616; x_wconf 89' lang='lat' dir='ltr'>ipse</span> <span class='ocrx_word' id='word_1_170' title='bbox 629 1567 862 1607; x_wconf 86' lang='lat' dir='ltr'>substituit</span> <span class='ocrx_word' id='word_1_171' title='bbox 906 1572 975 1618; x_wconf 81' lang='grc' dir='ltr'><strong><em>τῆς</em></strong></span> <span class='ocrx_word' id='word_1_172' title='bbox 1016 1566 1163 1614; x_wconf 78' lang='grc' dir='ltr'><strong><em>οἰκίας,</em></strong></span> <span class='ocrx_word' id='word_1_173' title='bbox 1203 1567 1317 1615; x_wconf 91' lang='lat' dir='ltr'>quod</span> <span class='ocrx_word' id='word_1_174' title='bbox 1358 1568 1455 1616; x_wconf 91' lang='lat' dir='ltr'>quis</span> <span class='ocrx_word' id='word_1_175' title='bbox 1494 1568 1672 1607; x_wconf 86' lang='lat' dir='ltr'>tandem</span> <span class='ocrx_word' id='word_1_176' title='bbox 1714 1568 1758 1606; x_wconf 88' lang='lat' dir='ltr'>in</span> <span class='ocrx_word' id='word_1_177' title='bbox 1799 1567 1947 1605; x_wconf 91' lang='lat' dir='ltr'>minus</span> 
     </span>
     <span class='ocr_line' id='line_1_21' title="bbox 239 1632 1947 1688; baseline -0.001 -15"><span class='ocrx_word' id='word_1_178' title='bbox 239 1634 420 1688; x_wconf 31' lang='lat' dir='ltr'>„triviale</span> <span class='ocrx_word' id='word_1_179' title='bbox 444 1639 511 1685; x_wconf 86' lang='grc' dir='ltr'><strong><em>τῆς</em></strong></span> <span class='ocrx_word' id='word_1_180' title='bbox 543 1632 679 1687; x_wconf 81' lang='grc' dir='ltr'><strong><em>στέγης</em></strong></span> <span class='ocrx_word' id='word_1_181' title='bbox 709 1635 866 1675; x_wconf 87' lang='lat' dir='ltr'>fuisset</span> <span class='ocrx_word' id='word_1_182' title='bbox 896 1636 1178 1675; x_wconf 84' lang='lat' dir='ltr'>mutaturus?</span> <span class='ocrx_word' id='word_1_183' title='bbox 1209 1635 1384 1675; x_wconf 90' lang='lat' dir='ltr'>Scilicet</span> <span class='ocrx_word' id='word_1_184' title='bbox 1413 1637 1614 1675; x_wconf 89' lang='lat' dir='ltr'>senserat</span> <span class='ocrx_word' id='word_1_185' title='bbox 1645 1635 1712 1674; x_wconf 88' lang='lat' dir='ltr'>vir</span> <span class='ocrx_word' id='word_1_186' title='bbox 1742 1643 1947 1673; x_wconf 89' lang='lat' dir='ltr'>summus</span> 
     </span>
     <span class='ocr_line' id='line_1_22' title="bbox 245 1697 1946 1752; baseline -0.002 -10"><span class='ocrx_word' id='word_1_187' title='bbox 245 1702 442 1742; x_wconf 87' lang='lat' dir='ltr'>affectari</span> <span class='ocrx_word' id='word_1_188' title='bbox 472 1702 514 1742; x_wconf 90' lang='lat' dir='ltr'>h.</span> <span class='ocrx_word' id='word_1_189' title='bbox 546 1703 574 1742; x_wconf 94' lang='lat'>1.</span> <span class='ocrx_word' id='word_1_190' title='bbox 607 1703 821 1752; x_wconf 89' lang='lat' dir='ltr'>tragicam</span> <span class='ocrx_word' id='word_1_191' title='bbox 863 1697 1287 1752; x_wconf 87' lang='lat' dir='ltr'>grandiloquentiam</span> <span class='ocrx_word' id='word_1_192' title='bbox 1328 1702 1476 1751; x_wconf 87' lang='lat' dir='ltr'>itaque</span> <span class='ocrx_word' id='word_1_193' title='bbox 1512 1705 1631 1742; x_wconf 90' lang='lat' dir='ltr'>recte</span> <span class='ocrx_word' id='word_1_194' title='bbox 1663 1702 1816 1741; x_wconf 89' lang='lat' dir='ltr'>abesse</span> <span class='ocrx_word' id='word_1_195' title='bbox 1847 1700 1946 1740; x_wconf 88' lang='lat' dir='ltr'>arti-</span> 
     </span>
     <span class='ocr_line' id='line_1_23' title="bbox 247 1767 1947 1820; baseline -0.002 -10"><span class='ocrx_word' id='word_1_196' title='bbox 247 1770 395 1811; x_wconf 92' lang='lat' dir='ltr'>culum</span> <span class='ocrx_word' id='word_1_197' title='bbox 441 1772 542 1820; x_wconf 89' lang='lat' dir='ltr'>post</span> <span class='ocrx_word' id='word_1_198' title='bbox 581 1768 839 1820; x_wconf 85' lang='lat' dir='ltr'>pronomen,</span> <span class='ocrx_word' id='word_1_199' title='bbox 889 1772 938 1810; x_wconf 92' lang='lat' dir='ltr'>ut</span> <span class='ocrx_word' id='word_1_200' title='bbox 979 1780 1044 1809; x_wconf 90' lang='lat' dir='ltr'>vs.</span> <span class='ocrx_word' id='word_1_201' title='bbox 1079 1771 1104 1809; x_wconf 89' lang='lat'><strong>3</strong></span> <span class='ocrx_word' id='word_1_202' title='bbox 1146 1767 1291 1820; x_wconf 73' lang='grc' dir='ltr'><strong><em>ἄρτους</em></strong></span> <span class='ocrx_word' id='word_1_203' title='bbox 1332 1769 1474 1809; x_wconf 86' lang='grc' dir='ltr'><strong><em>τούσδε</em></strong></span> <span class='ocrx_word' id='word_1_204' title='bbox 1514 1771 1557 1809; x_wconf 92' lang='lat' dir='ltr'>et</span> <span class='ocrx_word' id='word_1_205' title='bbox 1599 1780 1663 1808; x_wconf 90' lang='lat' dir='ltr'>vs.</span> <span class='ocrx_word' id='word_1_206' title='bbox 1697 1770 1722 1808; x_wconf 88' lang='lat'><strong>6</strong></span> <span class='ocrx_word' id='word_1_207' title='bbox 1756 1767 1947 1819; x_wconf 80' lang='grc' dir='ltr'><strong><em>δημόταις</em></strong></span> 
     </span>
     <span class='ocr_line' id='line_1_24' title="bbox 249 1836 1944 1886; baseline -0.002 -8"><span class='ocrx_word' id='word_1_208' title='bbox 249 1839 400 1878; x_wconf 87' lang='lat' dir='ltr'>contra</span> <span class='ocrx_word' id='word_1_209' title='bbox 450 1837 643 1886; x_wconf 90' lang='lat' dir='ltr'>vulgaris</span> <span class='ocrx_word' id='word_1_210' title='bbox 687 1838 905 1877; x_wconf 90' lang='lat' dir='ltr'>sermonis</span> <span class='ocrx_word' id='word_1_211' title='bbox 945 1847 1074 1876; x_wconf 90' lang='lat' dir='ltr'>usum</span> <span class='ocrx_word' id='word_1_212' title='bbox 1115 1837 1299 1877; x_wconf 90' lang='lat' dir='ltr'>articulo</span> <span class='ocrx_word' id='word_1_213' title='bbox 1342 1839 1473 1877; x_wconf 89' lang='lat' dir='ltr'>caret.</span> <span class='ocrx_word' id='word_1_214' title='bbox 1516 1837 1677 1876; x_wconf 88' lang='lat' dir='ltr'>Eadem</span> <span class='ocrx_word' id='word_1_215' title='bbox 1710 1836 1762 1875; x_wconf 90' lang='lat' dir='ltr'>de</span> <span class='ocrx_word' id='word_1_216' title='bbox 1795 1845 1944 1884; x_wconf 90' lang='lat' dir='ltr'>causa,</span> 
     </span>
     <span class='ocr_line' id='line_1_25' title="bbox 246 1903 1949 1955; baseline -0.002 -10"><span class='ocrx_word' id='word_1_217' title='bbox 246 1907 388 1945; x_wconf 90' lang='lat' dir='ltr'>totum</span> <span class='ocrx_word' id='word_1_218' title='bbox 421 1906 538 1945; x_wconf 89' lang='lat' dir='ltr'>enim</span> <span class='ocrx_word' id='word_1_219' title='bbox 577 1905 629 1945; x_wconf 87' lang='lat' dir='ltr'>fr.</span> <span class='ocrx_word' id='word_1_220' title='bbox 661 1906 800 1955; x_wconf 88' lang='lat' dir='ltr'>spirat</span> <span class='ocrx_word' id='word_1_221' title='bbox 829 1905 1228 1954; x_wconf 86' lang='lat' dir='ltr'>paratragoediam,</span> <span class='ocrx_word' id='word_1_222' title='bbox 1263 1915 1327 1944; x_wconf 91' lang='lat' dir='ltr'>vs.</span> <span class='ocrx_word' id='word_1_223' title='bbox 1362 1907 1387 1944; x_wconf 86' lang='lat'>4</span> <span class='ocrx_word' id='word_1_224' title='bbox 1419 1907 1704 1954; x_wconf 87' lang='lat' dir='ltr'>transponam</span> <span class='ocrx_word' id='word_1_225' title='bbox 1740 1903 1949 1948; x_wconf 88' lang='lat' dir='ltr'>(admissa</span> 
     </span>
     <span class='ocr_line' id='line_1_26' title="bbox 245 1970 1656 2023; baseline -0.003 -10"><span class='ocrx_word' id='word_1_226' title='bbox 245 1983 345 2013; x_wconf 92' lang='lat' dir='ltr'>cum</span> <span class='ocrx_word' id='word_1_227' title='bbox 377 1973 541 2013; x_wconf 86' lang='lat' dir='ltr'>Kockio</span> <span class='ocrx_word' id='word_1_228' title='bbox 572 1973 783 2022; x_wconf 91' lang='lat' dir='ltr'>probabili</span> <span class='ocrx_word' id='word_1_229' title='bbox 814 1973 1017 2012; x_wconf 86' lang='lat' dir='ltr'>Meinekii</span> <span class='ocrx_word' id='word_1_230' title='bbox 1048 1973 1357 2012; x_wconf 89' lang='lat' dir='ltr'>emendatione</span> <span class='ocrx_word' id='word_1_231' title='bbox 1386 1970 1656 2023; x_wconf 80' lang='grc' dir='ltr'><strong><em>κατέχοντας);</em></strong></span> 
     </span>
    </p>

    <p class='ocr_par' dir='ltr' id='par_1_6' title="bbox 541 2038 1574 2091">
     <span class='ocr_line' id='line_1_27' title="bbox 541 2038 1574 2091; baseline -0.001 -12"><span class='ocrx_word' id='word_1_232' title='bbox 541 2038 860 2091; x_wconf 82' lang='grc' dir='ltr'><strong><em>κατέχοντας</em></strong></span> <span class='ocrx_word' id='word_1_233' title='bbox 892 2038 1052 2078; x_wconf 81' lang='grc' dir='ltr'><strong><em>ἰπνὸν</em></strong></span> <span class='ocrx_word' id='word_1_234' title='bbox 1084 2038 1126 2078; x_wconf 81' lang='grc' dir='ltr'>ἐν</span> <span class='ocrx_word' id='word_1_235' title='bbox 1157 2042 1329 2086; x_wconf 81' lang='grc' dir='ltr'><strong><em>πυκναῖς</em></strong></span> <span class='ocrx_word' id='word_1_236' title='bbox 1362 2038 1574 2089; x_wconf 81' lang='grc' dir='ltr'><strong><em>διεξόδοις,</em></strong></span> 
     </span>
    </p>

    <p class='ocr_par' dir='ltr' id='par_1_7' title="bbox 200 2103 1950 2495">
     <span class='ocr_line' id='line_1_28' title="bbox 200 2103 1949 2157; baseline -0.003 -9"><span class='ocrx_word' id='word_1_237' title='bbox 200 2131 202 2133; x_wconf 97' lang='grc'>-</span> <span class='ocrx_word' id='word_1_238' title='bbox 245 2117 326 2148; x_wconf 89' lang='lat' dir='ltr'>nec</span> <span class='ocrx_word' id='word_1_239' title='bbox 350 2107 484 2157; x_wconf 92' lang='lat' dir='ltr'>probo</span> <span class='ocrx_word' id='word_1_240' title='bbox 510 2108 731 2157; x_wconf 86' lang='lat' dir='ltr'>Blaydesii</span> <span class='ocrx_word' id='word_1_241' title='bbox 756 2108 993 2157; x_wconf 88' lang='lat' dir='ltr'>rationem,</span> <span class='ocrx_word' id='word_1_242' title='bbox 1022 2108 1095 2156; x_wconf 88' lang='lat' dir='ltr'>qui</span> <span class='ocrx_word' id='word_1_243' title='bbox 1122 2108 1265 2147; x_wconf 89' lang='lat' dir='ltr'>deleto</span> <span class='ocrx_word' id='word_1_244' title='bbox 1290 2107 1433 2147; x_wconf 86' lang='grc' dir='ltr'><strong><em>τούσδε</em></strong></span> <span class='ocrx_word' id='word_1_245' title='bbox 1454 2107 1607 2146; x_wconf 87' lang='lat' dir='ltr'>scribit</span> <span class='ocrx_word' id='word_1_246' title='bbox 1623 2104 1741 2144; x_wconf 86' lang='grc' dir='ltr'><strong><em>ἰπνὸν</em></strong></span> <span class='ocrx_word' id='word_1_247' title='bbox 1770 2103 1777 2155; x_wconf 88' lang='grc'><strong>1</strong></span> <span class='ocrx_word' id='word_1_248' title='bbox 1803 2119 1949 2154; x_wconf 80' lang='grc' dir='ltr'><strong><em>καταμ-</em></strong></span> 
     </span>
     <span class='ocr_line' id='line_1_29' title="bbox 246 2173 1950 2227; baseline -0.002 -14"><span class='ocrx_word' id='word_1_249' title='bbox 246 2175 447 2227; x_wconf 78' lang='grc' dir='ltr'><strong><em>πέχοντας.</em></strong></span> <span class='ocrx_word' id='word_1_250' title='bbox 481 2175 600 2224; x_wconf 84' lang='lat' dir='ltr'>Quod</span> <span class='ocrx_word' id='word_1_251' title='bbox 632 2176 912 2225; x_wconf 87' lang='lat' dir='ltr'>participium</span> <span class='ocrx_word' id='word_1_252' title='bbox 943 2177 1062 2215; x_wconf 89' lang='lat' dir='ltr'>recte</span> <span class='ocrx_word' id='word_1_253' title='bbox 1093 2175 1214 2214; x_wconf 90' lang='lat' dir='ltr'>Kock</span> <span class='ocrx_word' id='word_1_254' title='bbox 1246 2185 1269 2214; x_wconf 94' lang='lat' dir='ltr'>e</span> <span class='ocrx_word' id='word_1_255' title='bbox 1301 2175 1501 2215; x_wconf 88' lang='lat' dir='ltr'>conflatis</span> <span class='ocrx_word' id='word_1_256' title='bbox 1528 2173 1695 2213; x_wconf 89' lang='lat' dir='ltr'>duabus</span> <span class='ocrx_word' id='word_1_257' title='bbox 1721 2173 1950 2221; x_wconf 85' lang='lat' dir='ltr'>scripturis</span> 
     </span>
     <span class='ocr_line' id='line_1_30' title="bbox 246 2239 1949 2295; baseline -0.004 -13"><span class='ocrx_word' id='word_1_258' title='bbox 246 2241 482 2294; x_wconf 75' lang='grc' dir='ltr'><strong><em>κατέχοντας</em></strong></span> <span class='ocrx_word' id='word_1_259' title='bbox 526 2246 571 2282; x_wconf 84' lang='lat' dir='ltr'>et</span> <span class='ocrx_word' id='word_1_260' title='bbox 609 2242 818 2295; x_wconf 78' lang='grc' dir='ltr'><strong><em>ἐπέχοντας</em></strong></span> <span class='ocrx_word' id='word_1_261' title='bbox 858 2244 1012 2282; x_wconf 81' lang='lat' dir='ltr'>natum</span> <span class='ocrx_word' id='word_1_262' title='bbox 1056 2252 1153 2282; x_wconf 86' lang='lat' dir='ltr'>esse</span> <span class='ocrx_word' id='word_1_263' title='bbox 1195 2242 1439 2282; x_wconf 76' lang='lat' dir='ltr'>existimat.</span> <span class='ocrx_word' id='word_1_264' title='bbox 1475 2264 1527 2270; x_wconf 95' lang='lat'>—-</span> <span class='ocrx_word' id='word_1_265' title='bbox 1568 2241 1642 2280; x_wconf 81' lang='lat' dir='ltr'>Vs,</span> <span class='ocrx_word' id='word_1_266' title='bbox 1686 2242 1725 2280; x_wconf 88' lang='lat'>5.</span> <span class='ocrx_word' id='word_1_267' title='bbox 1772 2239 1949 2294; x_wconf 75' lang='grc' dir='ltr'><strong><em>κριβάνῳ</em></strong></span> 
     </span>
     <span class='ocr_line' id='line_1_31' title="bbox 243 2307 1948 2361; baseline -0.002 -12"><span class='ocrx_word' id='word_1_268' title='bbox 243 2307 552 2361; x_wconf 74' lang='grc' dir='ltr'><strong><em>’ξηιλαγμένους</em></strong></span> <span class='ocrx_word' id='word_1_269' title='bbox 594 2311 690 2350; x_wconf 88' lang='lat' dir='ltr'>sine</span> <span class='ocrx_word' id='word_1_270' title='bbox 729 2311 847 2350; x_wconf 88' lang='lat' dir='ltr'>iusta</span> <span class='ocrx_word' id='word_1_271' title='bbox 884 2320 1018 2349; x_wconf 88' lang='lat' dir='ltr'>causa</span> <span class='ocrx_word' id='word_1_272' title='bbox 1049 2310 1159 2349; x_wconf 90' lang='lat' dir='ltr'>coni.</span> <span class='ocrx_word' id='word_1_273' title='bbox 1192 2309 1276 2359; x_wconf 90' lang='lat' dir='ltr'>Bl.,</span> <span class='ocrx_word' id='word_1_274' title='bbox 1310 2319 1413 2348; x_wconf 92' lang='lat' dir='ltr'>nam</span> <span class='ocrx_word' id='word_1_275' title='bbox 1446 2308 1627 2358; x_wconf 90' lang='lat' dir='ltr'>pluralis</span> <span class='ocrx_word' id='word_1_276' title='bbox 1659 2317 1870 2346; x_wconf 90' lang='lat' dir='ltr'>numerus</span> <span class='ocrx_word' id='word_1_277' title='bbox 1902 2308 1948 2345; x_wconf 91' lang='lat' dir='ltr'>ut</span> 
     </span>
     <span class='ocr_line' id='line_1_32' title="bbox 247 2374 1949 2427; baseline -0.003 -10"><span class='ocrx_word' id='word_1_278' title='bbox 247 2376 597 2426; x_wconf 86' lang='lat' dir='ltr'>magnificentior</span> <span class='ocrx_word' id='word_1_279' title='bbox 643 2378 686 2417; x_wconf 91' lang='lat' dir='ltr'>in</span> <span class='ocrx_word' id='word_1_280' title='bbox 734 2377 1066 2427; x_wconf 85' lang='lat' dir='ltr'>paratragoedia</span> <span class='ocrx_word' id='word_1_281' title='bbox 1111 2376 1325 2426; x_wconf 89' lang='lat' dir='ltr'>singulari</span> <span class='ocrx_word' id='word_1_282' title='bbox 1380 2375 1691 2425; x_wconf 86' lang='lat' dir='ltr'>praeferendus</span> <span class='ocrx_word' id='word_1_283' title='bbox 1739 2375 1826 2423; x_wconf 89' lang='lat' dir='ltr'>est,</span> <span class='ocrx_word' id='word_1_284' title='bbox 1874 2374 1949 2412; x_wconf 91' lang='lat' dir='ltr'>sed</span> 
     </span>
     <span class='ocr_line' id='line_1_33' title="bbox 252 2443 1786 2495; baseline -0.002 -11"><span class='ocrx_word' id='word_1_285' title='bbox 252 2445 261 2452; x_wconf 88' lang='lat'><strong>&#39;</strong></span> <span class='ocrx_word' id='word_1_286' title='bbox 325 2455 392 2484; x_wconf 87' lang='lat' dir='ltr'>vs.</span> <span class='ocrx_word' id='word_1_287' title='bbox 425 2446 451 2484; x_wconf 89' lang='lat'>6</span> <span class='ocrx_word' id='word_1_288' title='bbox 483 2445 642 2485; x_wconf 88' lang='lat' dir='ltr'>merito</span> <span class='ocrx_word' id='word_1_289' title='bbox 672 2455 744 2485; x_wconf 91' lang='lat' dir='ltr'>me</span> <span class='ocrx_word' id='word_1_290' title='bbox 774 2445 916 2484; x_wconf 91' lang='lat' dir='ltr'>iudice</span> <span class='ocrx_word' id='word_1_291' title='bbox 947 2446 1095 2484; x_wconf 83' lang='lat' dir='ltr'>tuetur</span> <span class='ocrx_word' id='word_1_292' title='bbox 1125 2444 1280 2495; x_wconf 87' lang='grc' dir='ltr'><strong><em>μίμημα</em></strong></span> <span class='ocrx_word' id='word_1_293' title='bbox 1311 2445 1525 2484; x_wconf 88' lang='lat' dir='ltr'>adversus</span> <span class='ocrx_word' id='word_1_294' title='bbox 1556 2443 1786 2483; x_wconf 87' lang='lat' dir='ltr'>Kockium.</span> 
     </span>
    </p>

    <p class='ocr_par' dir='ltr' id='par_1_8' title="bbox 68 2455 1949 2629">
     <span class='ocr_line' id='line_1_34' title="bbox 68 2455 1949 2574; baseline -0.003 -22"><span class='ocrx_word' id='word_1_295' title='bbox 68 2455 295 2574; x_wconf 55' lang='grc' dir='ltr'><em>Ᾰ</em></span> <span class='ocrx_word' id='word_1_296' title='bbox 296 2512 393 2562; x_wconf 80' lang='lat'>177,</span> <span class='ocrx_word' id='word_1_297' title='bbox 427 2513 466 2551; x_wconf 85' lang='lat'>2.</span> <span class='ocrx_word' id='word_1_298' title='bbox 514 2511 650 2563; x_wconf 80' lang='grc' dir='ltr'><strong><em>μηδείς</em></strong></span> <span class='ocrx_word' id='word_1_299' title='bbox 691 2508 727 2562; x_wconf 85' lang='grc' dir='ltr'>μ’</span> <span class='ocrx_word' id='word_1_300' title='bbox 763 2510 921 2562; x_wconf 82' lang='grc' dir='ltr'><strong><em>ὄψεται,</em></strong></span> <span class='ocrx_word' id='word_1_301' title='bbox 961 2514 1038 2551; x_wconf 80' lang='lat' dir='ltr'>aut</span> <span class='ocrx_word' id='word_1_302' title='bbox 1077 2510 1214 2563; x_wconf 80' lang='grc' dir='ltr'><strong><em>μηδεὶς</em></strong></span> <span class='ocrx_word' id='word_1_303' title='bbox 1247 2509 1388 2562; x_wconf 83' lang='grc' dir='ltr'><strong><em>ὄψεται</em></strong></span> <span class='ocrx_word' id='word_1_304' title='bbox 1418 2513 1462 2551; x_wconf 81' lang='lat' dir='ltr'>et</span> <span class='ocrx_word' id='word_1_305' title='bbox 1494 2526 1540 2561; x_wconf 88' lang='grc' dir='ltr'>με</span> <span class='ocrx_word' id='word_1_306' title='bbox 1575 2522 1639 2551; x_wconf 84' lang='lat' dir='ltr'>VS.</span> <span class='ocrx_word' id='word_1_307' title='bbox 1676 2512 1696 2549; x_wconf 94' lang='lat'>1</span> <span class='ocrx_word' id='word_1_308' title='bbox 1732 2514 1822 2559; x_wconf 90' lang='lat' dir='ltr'>(pro</span> <span class='ocrx_word' id='word_1_309' title='bbox 1854 2512 1949 2559; x_wconf 84' lang='grc' dir='ltr'><strong><em>μοι).</em></strong></span> 
     </span>
     <span class='ocr_line' id='line_1_35' title="bbox 250 2579 1050 2629; baseline 0.001 -10"><span class='ocrx_word' id='word_1_310' title='bbox 250 2579 314 2619; x_wconf 83' lang='grc' dir='ltr'>ΒΙ.</span> <span class='ocrx_word' id='word_1_311' title='bbox 347 2579 476 2629; x_wconf 85' lang='lat' dir='ltr'>Fugit</span> <span class='ocrx_word' id='word_1_312' title='bbox 507 2590 579 2619; x_wconf 92' lang='lat' dir='ltr'>me</span> <span class='ocrx_word' id='word_1_313' title='bbox 611 2590 746 2620; x_wconf 89' lang='lat' dir='ltr'>causa</span> <span class='ocrx_word' id='word_1_314' title='bbox 775 2580 1050 2620; x_wconf 88' lang='lat' dir='ltr'>mutationis.</span> 
     </span>
    </p>

    <p class='ocr_par' dir='ltr' id='par_1_9' title="bbox 193 2644 1950 2769">
     <span class='ocr_line' id='line_1_36' title="bbox 193 2644 1950 2700; baseline -0.003 -12"><span class='ocrx_word' id='word_1_315' title='bbox 193 2648 259 2688; x_wconf 77' lang='lat' dir='ltr'>Fr.</span> <span class='ocrx_word' id='word_1_316' title='bbox 297 2649 391 2697; x_wconf 85' lang='lat'>179,</span> <span class='ocrx_word' id='word_1_317' title='bbox 425 2649 465 2687; x_wconf 83' lang='lat'>5.</span> <span class='ocrx_word' id='word_1_318' title='bbox 506 2645 572 2686; x_wconf 82' lang='grc' dir='ltr'><strong><em>καὶ</em></strong></span> <span class='ocrx_word' id='word_1_319' title='bbox 613 2647 751 2700; x_wconf 79' lang='grc' dir='ltr'><strong><em>γνοίης</em></strong></span> <span class='ocrx_word' id='word_1_320' title='bbox 783 2648 937 2698; x_wconf 90' lang='lat' dir='ltr'>Naber,</span> <span class='ocrx_word' id='word_1_321' title='bbox 970 2646 1192 2700; x_wconf 84' lang='grc' dir='ltr'><strong><em>ἀναγνοίην</em></strong></span> <span class='ocrx_word' id='word_1_322' title='bbox 1225 2647 1359 2687; x_wconf 89' lang='lat' dir='ltr'>Kock.</span> <span class='ocrx_word' id='word_1_323' title='bbox 1403 2646 1617 2686; x_wconf 87' lang='lat' dir='ltr'>Neutrum</span> <span class='ocrx_word' id='word_1_324' title='bbox 1651 2644 1950 2685; x_wconf 88' lang='lat' dir='ltr'>necessarium</span> 
     </span>
     <span class='ocr_line' id='line_1_37' title="bbox 251 2715 1108 2769; baseline -0.001 -14"><span class='ocrx_word' id='word_1_325' title='bbox 251 2715 435 2766; x_wconf 89' lang='lat' dir='ltr'>videtur,</span> <span class='ocrx_word' id='word_1_326' title='bbox 468 2716 550 2755; x_wconf 90' lang='lat' dir='ltr'>hoc</span> <span class='ocrx_word' id='word_1_327' title='bbox 579 2717 730 2755; x_wconf 88' lang='lat' dir='ltr'>tamen</span> <span class='ocrx_word' id='word_1_328' title='bbox 761 2715 936 2755; x_wconf 89' lang='lat' dir='ltr'>arridet.</span> <span class='ocrx_word' id='word_1_329' title='bbox 1097 2763 1108 2769; x_wconf 76' lang='lat'>-</span> 
     </span>
    </p>

    <p class='ocr_par' dir='ltr' id='par_1_10' title="bbox 195 2777 1955 3306">
     <span class='ocr_line' id='line_1_38' title="bbox 195 2777 1951 2834; baseline -0.005 -10"><span class='ocrx_word' id='word_1_330' title='bbox 195 2785 262 2824; x_wconf 85' lang='lat' dir='ltr'>Fr.</span> <span class='ocrx_word' id='word_1_331' title='bbox 299 2784 395 2823; x_wconf 91' lang='lat'>180.</span> <span class='ocrx_word' id='word_1_332' title='bbox 438 2783 542 2823; x_wconf 81' lang='lat' dir='ltr'>Hes.</span> <span class='ocrx_word' id='word_1_333' title='bbox 584 2783 743 2834; x_wconf 83' lang='grc' dir='ltr'><strong><em>βύστρ</em></strong></span> <span class='ocrx_word' id='word_1_334' title='bbox 756 2793 827 2821; x_wconf 87' lang='grc' dir='ltr'>αι·</span> <span class='ocrx_word' id='word_1_335' title='bbox 869 2781 914 2820; x_wconf 83' lang='grc' dir='ltr'><strong><em>αἱ</em></strong></span> <span class='ocrx_word' id='word_1_336' title='bbox 941 2788 1019 2821; x_wconf 84' lang='grc' dir='ltr'>τῶν</span> <span class='ocrx_word' id='word_1_337' title='bbox 1049 2782 1231 2833; x_wconf 80' lang='grc' dir='ltr'><strong><em>λαχάνων</em></strong></span> <span class='ocrx_word' id='word_1_338' title='bbox 1262 2780 1451 2828; x_wconf 84' lang='grc' dir='ltr'><strong><em>ἐνθέσεις.</em></strong></span> <span class='ocrx_word' id='word_1_339' title='bbox 1482 2780 1580 2820; x_wconf 79' lang='grc' dir='ltr'><strong><em>ἔνιοι</em></strong></span> <span class='ocrx_word' id='word_1_340' title='bbox 1611 2777 1653 2819; x_wconf 83' lang='grc' dir='ltr'>δὲ</span> <span class='ocrx_word' id='word_1_341' title='bbox 1678 2779 1770 2826; x_wconf 84' lang='grc' dir='ltr'><strong><em>τοὺς</em></strong></span> <span class='ocrx_word' id='word_1_342' title='bbox 1801 2777 1843 2817; x_wconf 79' lang='grc' dir='ltr'>ἐκ</span> <span class='ocrx_word' id='word_1_343' title='bbox 1874 2784 1951 2816; x_wconf 84' lang='grc' dir='ltr'>τῶν</span> 
     </span>
     <span class='ocr_line' id='line_1_39' title="bbox 251 2846 1953 2903; baseline -0.004 -12"><span class='ocrx_word' id='word_1_344' title='bbox 251 2851 433 2903; x_wconf 80' lang='grc' dir='ltr'><strong><em>λαχάνων</em></strong></span> <span class='ocrx_word' id='word_1_345' title='bbox 467 2851 692 2902; x_wconf 83' lang='grc' dir='ltr'><strong><em>ψωμούς.</em></strong></span> <span class='ocrx_word' id='word_1_346' title='bbox 736 2850 819 2890; x_wconf 93' lang='lat' dir='ltr'>Pro</span> <span class='ocrx_word' id='word_1_347' title='bbox 855 2850 1024 2900; x_wconf 84' lang='grc' dir='ltr'><strong><em>ψωμούς</em></strong></span> <span class='ocrx_word' id='word_1_348' title='bbox 1055 2850 1119 2889; x_wconf 92' lang='lat' dir='ltr'>Bl.</span> <span class='ocrx_word' id='word_1_349' title='bbox 1162 2850 1346 2890; x_wconf 90' lang='lat' dir='ltr'>coniecit</span> <span class='ocrx_word' id='word_1_350' title='bbox 1385 2848 1568 2899; x_wconf 87' lang='grc' dir='ltr'><strong><em>θωμούς,</em></strong></span> <span class='ocrx_word' id='word_1_351' title='bbox 1612 2847 1688 2887; x_wconf 88' lang='lat' dir='ltr'>sed</span> <span class='ocrx_word' id='word_1_352' title='bbox 1720 2856 1859 2895; x_wconf 90' lang='lat' dir='ltr'>neque</span> <span class='ocrx_word' id='word_1_353' title='bbox 1891 2846 1953 2885; x_wconf 86' lang='lat' dir='ltr'>ita</span> 
     </span>
     <span class='ocr_line' id='line_1_40' title="bbox 253 2914 1951 2970; baseline -0.004 -11"><span class='ocrx_word' id='word_1_354' title='bbox 253 2918 561 2970; x_wconf 87' lang='lat' dir='ltr'>praepositioni</span> <span class='ocrx_word' id='word_1_355' title='bbox 606 2918 729 2958; x_wconf 89' lang='lat' dir='ltr'>locus</span> <span class='ocrx_word' id='word_1_356' title='bbox 774 2919 895 2957; x_wconf 86' lang='lat' dir='ltr'>esset</span> <span class='ocrx_word' id='word_1_357' title='bbox 940 2927 1079 2966; x_wconf 88' lang='lat' dir='ltr'>neque</span> <span class='ocrx_word' id='word_1_358' title='bbox 1125 2917 1275 2968; x_wconf 83' lang='grc' dir='ltr'><strong><em>βύστρα</em></strong></span> <span class='ocrx_word' id='word_1_359' title='bbox 1323 2920 1362 2962; x_wconf 87' lang='lat' dir='ltr'>(a</span> <span class='ocrx_word' id='word_1_360' title='bbox 1402 2917 1553 2967; x_wconf 84' lang='grc' dir='ltr'><strong><em>βυνεῖν)</em></strong></span> <span class='ocrx_word' id='word_1_361' title='bbox 1595 2914 1721 2954; x_wconf 87' lang='lat' dir='ltr'>facile</span> <span class='ocrx_word' id='word_1_362' title='bbox 1762 2914 1951 2953; x_wconf 89' lang='lat' dir='ltr'>acervi</span> 
     </span>
     <span class='ocr_line' id='line_1_41' title="bbox 254 2980 1952 3035; baseline -0.005 -8"><span class='ocrx_word' id='word_1_363' title='bbox 254 2987 478 3027; x_wconf 90' lang='lat' dir='ltr'>notionem</span> <span class='ocrx_word' id='word_1_364' title='bbox 509 2986 687 3026; x_wconf 88' lang='lat' dir='ltr'>induere</span> <span class='ocrx_word' id='word_1_365' title='bbox 719 2985 873 3035; x_wconf 90' lang='lat' dir='ltr'>potuit.</span> <span class='ocrx_word' id='word_1_366' title='bbox 907 2986 1070 3034; x_wconf 88' lang='lat' dir='ltr'>Aptum</span> <span class='ocrx_word' id='word_1_367' title='bbox 1107 2984 1220 3024; x_wconf 89' lang='lat' dir='ltr'>foret</span> <span class='ocrx_word' id='word_1_368' title='bbox 1251 2983 1487 3035; x_wconf 84' lang='grc' dir='ltr'><strong><em>στοιβάς,</em></strong></span> <span class='ocrx_word' id='word_1_369' title='bbox 1523 2982 1636 3031; x_wconf 90' lang='lat' dir='ltr'>quod</span> <span class='ocrx_word' id='word_1_370' title='bbox 1663 2983 1811 3021; x_wconf 90' lang='lat' dir='ltr'>tamen</span> <span class='ocrx_word' id='word_1_371' title='bbox 1838 2980 1952 3019; x_wconf 88' lang='lat' dir='ltr'>haud</span> 
     </span>
     <span class='ocr_line' id='line_1_42' title="bbox 254 3040 1953 3103; baseline -0.005 -8"><span class='ocrx_word' id='word_1_372' title='bbox 254 3055 381 3095; x_wconf 82' lang='lat' dir='ltr'>facile</span> <span class='ocrx_word' id='word_1_373' title='bbox 406 3055 471 3094; x_wconf 90' lang='lat' dir='ltr'>sic</span> <span class='ocrx_word' id='word_1_374' title='bbox 496 3040 862 3103; x_wconf 84' lang='lat' dir='ltr'>corrumperetur.</span> <span class='ocrx_word' id='word_1_375' title='bbox 890 3052 999 3102; x_wconf 84' lang='lat' dir='ltr'>Quia</span> <span class='ocrx_word' id='word_1_376' title='bbox 1025 3062 1127 3091; x_wconf 90' lang='lat' dir='ltr'>vero</span> <span class='ocrx_word' id='word_1_377' title='bbox 1161 3052 1202 3090; x_wconf 91' lang='lat' dir='ltr'>in</span> <span class='ocrx_word' id='word_1_378' title='bbox 1230 3052 1311 3091; x_wconf 89' lang='lat' dir='ltr'>hoc</span> <span class='ocrx_word' id='word_1_379' title='bbox 1336 3051 1582 3100; x_wconf 83' lang='lat' dir='ltr'>fragmento</span> <span class='ocrx_word' id='word_1_380' title='bbox 1607 3049 1756 3100; x_wconf 82' lang='grc' dir='ltr'><strong><em>βύστρα</em></strong></span> <span class='ocrx_word' id='word_1_381' title='bbox 1783 3047 1953 3087; x_wconf 86' lang='lat' dir='ltr'>eviden-</span> 
     </span>
     <span class='ocr_line' id='line_1_43' title="bbox 255 3116 1952 3171; baseline -0.004 -9"><span class='ocrx_word' id='word_1_382' title='bbox 255 3125 323 3163; x_wconf 89' lang='lat' dir='ltr'>ter</span> <span class='ocrx_word' id='word_1_383' title='bbox 348 3121 504 3168; x_wconf 82' lang='grc' dir='ltr'><strong><em>ἔνθεσις</em></strong></span> <span class='ocrx_word' id='word_1_384' title='bbox 531 3120 767 3171; x_wconf 85' lang='lat' dir='ltr'>significat,</span> <span class='ocrx_word' id='word_1_385' title='bbox 795 3119 936 3171; x_wconf 86' lang='grc' dir='ltr'><strong><em>ψωμός</em></strong></span> <span class='ocrx_word' id='word_1_386' title='bbox 967 3122 1113 3159; x_wconf 89' lang='lat' dir='ltr'>autem</span> <span class='ocrx_word' id='word_1_387' title='bbox 1147 3120 1263 3158; x_wconf 90' lang='lat' dir='ltr'>idem</span> <span class='ocrx_word' id='word_1_388' title='bbox 1290 3119 1486 3168; x_wconf 88' lang='lat' dir='ltr'>denotat,</span> <span class='ocrx_word' id='word_1_389' title='bbox 1514 3118 1660 3168; x_wconf 87' lang='lat' dir='ltr'>potius</span> <span class='ocrx_word' id='word_1_390' title='bbox 1676 3116 1952 3164; x_wconf 90' lang='lat' dir='ltr'>crediderim,</span> 
     </span>
     <span class='ocr_line' id='line_1_44' title="bbox 255 3184 1955 3239; baseline -0.004 -10"><span class='ocrx_word' id='word_1_391' title='bbox 255 3189 481 3239; x_wconf 90' lang='lat' dir='ltr'>stupidum</span> <span class='ocrx_word' id='word_1_392' title='bbox 518 3189 876 3238; x_wconf 82' lang='lat' dir='ltr'>lexicograpbum</span> <span class='ocrx_word' id='word_1_393' title='bbox 908 3198 931 3227; x_wconf 92' lang='lat' dir='ltr'>e</span> <span class='ocrx_word' id='word_1_394' title='bbox 962 3187 1150 3227; x_wconf 89' lang='lat' dir='ltr'>diversis</span> <span class='ocrx_word' id='word_1_395' title='bbox 1180 3186 1406 3236; x_wconf 86' lang='lat' dir='ltr'>glossariis</span> <span class='ocrx_word' id='word_1_396' title='bbox 1438 3185 1719 3226; x_wconf 85' lang='lat' dir='ltr'>coniunxisse</span> <span class='ocrx_word' id='word_1_397' title='bbox 1751 3184 1955 3232; x_wconf 90' lang='lat' dir='ltr'>interpre-</span> 
     </span>
     <span class='ocr_line' id='line_1_45' title="bbox 259 3252 1876 3306; baseline -0.004 -9"><span class='ocrx_word' id='word_1_398' title='bbox 259 3257 451 3298; x_wconf 83' lang='lat' dir='ltr'>tationes</span> <span class='ocrx_word' id='word_1_399' title='bbox 481 3256 625 3296; x_wconf 76' lang='lat' dir='ltr'>torma</span> <span class='ocrx_word' id='word_1_400' title='bbox 650 3256 866 3306; x_wconf 86' lang='lat' dir='ltr'>diversas,</span> <span class='ocrx_word' id='word_1_401' title='bbox 899 3265 945 3295; x_wconf 88' lang='lat' dir='ltr'>re</span> <span class='ocrx_word' id='word_1_402' title='bbox 971 3254 1167 3304; x_wconf 86' lang='lat' dir='ltr'>easdem,</span> <span class='ocrx_word' id='word_1_403' title='bbox 1201 3255 1346 3302; x_wconf 89' lang='lat' dir='ltr'>itaque</span> <span class='ocrx_word' id='word_1_404' title='bbox 1377 3252 1545 3304; x_wconf 84' lang='grc' dir='ltr'><strong><em>ψωμούς</em></strong></span> <span class='ocrx_word' id='word_1_405' title='bbox 1575 3262 1734 3292; x_wconf 89' lang='lat' dir='ltr'>sanum</span> <span class='ocrx_word' id='word_1_406' title='bbox 1765 3260 1876 3290; x_wconf 89' lang='lat' dir='ltr'>esse.</span> 
     </span>
    </p>
   </div>
  </div>
 </body>
</html>
