2216 3522
1070 208 1152 248 142

287 339 461 387 docent,
501 334 756 387 praecedere
787 335 984 385 potuisse
1015 342 1195 374 versum
1225 330 1442 372 eiusmodi
1472 330 1586 372 unde
1621 330 1836 371 omissum
1873 338 1937 369 vs.
1965 329 1993 369 4

287 405 507 446 obiectum
546 402 639 450 τοὺς
675 400 792 449 νέους
821 402 1081 442 facillimam
1113 399 1295 440 haberet
1325 398 1678 449 explicationem.
1709 396 1771 437 De
1800 395 1995 447 imagine

290 473 355 513 Bl.
402 472 475 512 cst.
523 470 681 511 Aesch.
728 470 873 510 Prom.
926 469 1063 518 1079;
1107 467 1208 508 Eur.
1250 467 1322 507 Or.
1358 466 1496 515 1422;
1540 465 1701 506 Herod.
1731 463 1812 503 VII
1843 463 1915 514 85,
1944 464 1992 514 8,

289 540 445 590 quibus
475 539 583 579 locis
614 537 742 578 facile
774 537 847 577 alii
879 537 978 577 addi
1007 537 1210 587 possunt.

235 609 300 649 Fr.
338 608 404 648 12.
437 608 477 647 3.
511 603 561 644 ἂν
592 603 720 660 ἀφέλῃ
752 604 894 645 malit.
927 604 992 644 Bl.
1024 604 1140 644 Num
1172 603 1313 653 opus?

231 739 527 784 Philemonis
558 739 610 779 fr.
643 740 683 789 4,
716 740 752 779 1.
780 739 914 779 Recte
940 748 1086 778 meam
1115 737 1414 778 coniecturam
1438 733 1658 785 improbat
1683 732 1817 774 Kock.
1839 732 2001 773 Postea

291 809 478 858 felicius,
512 807 557 847 ni
588 806 729 857 fallor,
762 806 987 857 proposui,
1020 805 1116 846 coll.
1150 804 1349 845 eiusdem
1381 803 1433 843 fr.
1470 802 1567 852 105,
1601 802 1652 842 5:

476 873 597 917 <τὰ>
634 872 683 913 σὰ
716 870 751 912 δ’
789 873 844 921 εἰς
876 872 1055 920 ἅπαντας
1085 867 1255 912 εὔθετ’
1288 869 1555 924 ἀνθρώπους,
1585 868 1743 910 Σόλων.

292 944 366 984 VS.
400 946 441 984 4.
474 941 671 995 ἁρμόδιον
689 942 752 982 Bl.
774 941 915 982 —Vs.
934 942 975 982 8.
1008 941 1091 981 Pro
1123 954 1183 980 τοι
1214 939 1411 980 Meineke
1442 937 1625 990 τότε,Β1.
1658 949 1771 988 ποτε,
1800 934 1908 975 Ellis
1932 946 2003 986 πη.

295 1012 367 1051 Vs.
401 1012 441 1052 9.
487 1009 649 1057 κοινοὺς
695 1010 927 1059 Richards,
980 1009 1136 1049 deinde
1186 1003 1560 1060 παρεσκευασμένας
1600 1015 1698 1055 ego,
1743 1002 2001 1054 paratas,

295 1089 381 1119 non
413 1078 733 1119 instructas
765 1079 879 1124 (κατ.)
913 1098 965 1105 -
1000 1076 1074 1116 Vs.
1111 1077 1180 1117 14.
1216 1072 1433 1122 ὑπέκδυσις
1465 1073 1635 1124 Nauck,
1669 1070 1904 1120 ἐξανάδυσις
1935 1068 2001 1110 Bi.

296 1146 365 1187 vel
395 1146 557 1193 (minus
587 1146 720 1191 recte)
754 1139 824 1183 ἴστ’
860 1142 1056 1191 ἀνάδυσις
1089 1143 1158 1184 vel
1183 1141 1416 1195 ὑφαρπαγή.
1437 1163 1489 1170 -
1508 1141 1583 1181 Vs.
1613 1140 1681 1180 15.
1706 1137 1877 1189 Nauck,
1905 1135 2005 1178 coll.

294 1214 513 1254 Xenarchi
558 1213 610 1253 fr.
642 1214 684 1263 4,
721 1213 788 1253 16.
825 1213 901 1252 17:
948 1207 1026 1251 ἀλλ’
1067 1210 1252 1253 dam>
1298 1208 1426 1257 εὐθὺς
1466 1206 1518 1261 ἣν
1560 1207 1718 1255 (deleto
1759 1205 1909 1258 βούλει)
1951 1202 2002 1244 σὺ

295 1276 375 1333 χῶν
406 1281 542 1331 βούλει
573 1279 740 1331 τρόπον,
770 1289 881 1329 quae
912 1289 1018 1319 vera
1049 1279 1224 1319 videtur
1255 1277 1483 1318 correctio.

239 1350 306 1389 Fr.
343 1349 410 1399 10,
452 1349 477 1388 3
511 1349 553 1388 et
595 1348 637 1388 4.
682 1347 801 1387 Meas
848 1347 1121 1387 coniecturas
1167 1346 1324 1396 probat
1365 1344 1450 1395 Bl.,
1495 1344 1539 1384 et
1580 1343 1633 1383 fr.
1679 1343 1747 1393 11,
1781 1342 1807 1381 6
1846 1338 2006 1381 Naberi

298 1417 594 1466 suspicionem
627 1414 757 1466 λύπης
789 1414 850 1455 Cf.
883 1414 1035 1454 Nauck
1066 1414 1163 1454 Mel.
1197 1413 1255 1453 VI
1291 1413 1371 1453 101
1406 1422 1470 1461 sq.

239 1485 307 1525 Fr.
354 1485 421 1534 12,
468 1485 505 1523 1.
552 1482 614 1522 De
661 1482 891 1532 proverbio
937 1482 1076 1537 γύμνῳ
1110 1503 1162 1510 —-
1202 1478 1377 1520 ἐπίταττε
1423 1479 1598 1530 praeter
1644 1475 1920 1528 Hesychium
1963 1475 2009 1514 et

298 1551 458 1592 Zenob.
490 1552 531 1591 ΙΙ
564 1551 620 1591 98
654 1550 706 1590 cf.
739 1549 1036 1600 lexicograph.
1070 1548 1247 1590 coislin.
1282 1548 1338 1588 91
1381 1546 1517 1587 Gaisf.
1550 1545 1593 1586 οἱ
1618 1544 1694 1599 γὰρ
1733 1542 1776 1583 ἐν
1807 1541 2009 1596 Ἀργινού-

299 1631 386 1667 σαις
417 1616 653 1671 ἡττηθέντες
684 1616 1001 1668 Λακεδαιμόνιοι
1032 1614 1099 1656 καὶ
1127 1613 1274 1670 γυμνοὶ
1299 1613 1366 1654 καὶ
1392 1612 1537 1666 ἄποροι
1563 1612 1759 1667 φυγόντες
1778 1607 2008 1652 Ἐτεονίκου

299 1683 671 1738 παρακελευομένου
713 1684 849 1733 αὐτοῖς
879 1682 1063 1735 φυλακὰς
1094 1682 1215 1737 ἔχειν,
1246 1682 1313 1723 ἳνα
1344 1681 1399 1734 μὴ
1431 1680 1615 1721 λάθωσιν
1645 1679 1784 1727 αὐτοῖς
1815 1676 2008 1730 ἐξαίφνης

303 1753 554 1802 ἐπιπεσόντες
602 1755 827 1805 Ἀθηναῖοι,
877 1750 1143 1805 ἀπεκρίναντο
1186 1750 1244 1791 ὅτι
1286 1750 1351 1790 δεῖ
1395 1748 1488 1797 τοὺς
1528 1747 1708 1802 γυμνοὺς
1748 1744 1787 1796 ἔξ
1829 1744 2008 1799 ἀνάγκης

301 1821 520 1875 ἀγρυπνεῖν
560 1820 626 1861 διὰ
666 1819 710 1860 τὸ
750 1819 870 1874 ρῦγος.
913 1820 1030 1860 Nihil
1077 1820 1183 1860 dum
1216 1818 1490 1869 propositum
1524 1818 1612 1867 est,
1655 1815 1769 1866 quod
1801 1824 1857 1855 ex
1888 1812 2012 1854 omni

302 1892 425 1940 parte
456 1889 645 1940 placeat,
679 1890 724 1928 et
755 1888 839 1928 loci
871 1887 1120 1928 obscuritas
1151 1887 1297 1927 certae
1328 1884 1627 1926 emendationi
1657 1883 1817 1924 obstat.

243 1960 311 1999 Fr.
347 1959 400 1998 19
433 1960 477 1997 et
509 1958 565 1996 20
598 1958 643 1997 et
674 1956 744 1996 22.
777 1955 841 1997 Cf.
873 1955 938 1996 Bl.
970 1966 1011 2005 p.
1049 1955 1131 1995 182
1163 1964 1244 2003 sq.‚
1279 1953 1351 2003 qui
1382 1952 1493 1993 mihi
1525 1962 1613 1992 non
1643 1950 1892 2002 persuadet.

245 2027 312 2066 Fr.
346 2026 416 2065 24.
538 2022 823 2075 πρόχειρον
855 2021 939 2062 ἐπὶ
970 2020 1065 2074 τὴν
1095 2024 1271 2074 γλῶτταν
1304 2018 1503 2076 εὐλόγῳ
1535 2016 1756 2071 τρέχειν.

303 2092 445 2133 Verba
476 2091 812 2142 corruptissima
839 2090 1028 2131 fortasse
1060 2089 1206 2130 celant
1236 2088 1451 2139 optimam
1482 2087 1752 2128 sententiam
1783 2085 1946 2126 hance:

542 2158 599 2199 οὐ
631 2161 808 2211 χεῖρον
841 2156 949 2197 ἐστι
980 2160 1157 2210 γλῶτταν
1189 2154 1446 2208 εὔτροχον
1477 2156 1677 2207 φορεῖν.

305 2227 353 2269 οὐ
385 2231 515 2280 χεῖρον
546 2228 597 2267 ut
626 2227 701 2267 Ar.
734 2226 809 2276 Eq.
837 2227 917 2275 37;
951 2225 1062 2266 Plat.
1096 2225 1274 2265 Theaet.
1312 2224 1394 2264 162
1413 2233 1457 2272 c;
1490 2222 1651 2263 Phaed.
1682 2222 1795 2271 1853
1828 2219 2010 2262 Phaedr.

306 2297 391 2337 948
425 2296 455 2336 C
487 2297 593 2343 etc.;
626 2296 799 2347 γλῶτταν
831 2291 1033 2346 εὔτροχον,
1063 2294 1113 2333 ut
1143 2292 1242 2332 Eur.
1279 2291 1437 2332 Bacch.
1471 2290 1572 2341 268,
1604 2289 1718 2330 Plut.
1752 2288 1907 2330 Pericl.
1942 2288 2011 2337 173

305 2366 463 2415 φορεῖν,
494 2364 543 2403 ut
574 2361 743 2412 passim
776 2370 944 2401 omnes.
978 2360 1125 2400 Bona
1155 2370 1239 2400 res
1271 2361 1359 2399 est
1389 2358 1748 2407 eloquentia!

250 2432 316 2471 Fr.
350 2432 418 2470 26.
452 2431 565 2480 Lege
596 2428 755 2483 κῴδιον.

249 2500 315 2539 Fr.
350 2499 419 2548 28,
453 2499 493 2538 8.
527 2496 590 2537 Bl.
624 2501 772 2546 σῶσον,
801 2494 919 2535 maie
950 2494 1168 2543 reliquum
1201 2503 1378 2534 versum
1410 2494 1454 2532 et
1487 2502 1551 2533 vs.
1587 2491 1637 2532 11
1671 2491 1930 2533 sollicitam.

250 2567 316 2606 Fr.
350 2567 419 2615 31,
453 2567 490 2605 1.
523 2564 645 2605 Idem
672 2564 790 2603 recte
816 2562 1066 2612 transponit
1090 2560 1163 2614 γάρ
1190 2563 1236 2602 et
1260 2560 1342 2612 μέν.
1363 2582 1416 2590 -
1435 2560 1509 2600 Vs.
1539 2561 1579 2600 3.
1607 2557 1767 2612 ἑτέρων,
1791 2559 1830 2599 si
1854 2567 2014 2600 sanum

308 2636 392 2681 est,
429 2635 476 2672 ut
507 2630 689 2681 putabat
719 2629 859 2680 Kock,
893 2629 1153 2679 perobscure
1185 2629 1352 2669 dictum
1383 2629 1463 2668 est.
1485 2649 1536 2656 —
1557 2627 1630 2668 Vs.
1659 2629 1699 2668 6.
1727 2626 1908 2677 virgula
1936 2635 2016 2677 pro

309 2701 468 2749 puncto
500 2698 609 2738 bene
641 2697 847 2737 distinxit
877 2696 1006 2738 Weil.
1039 2696 1218 2736 Inutilia
1248 2695 1451 2746 proponit
1475 2695 1540 2735 Bl.

252 2768 317 2807 Fr.
351 2768 421 2817 32,
463 2767 498 2806 1.
546 2763 710 2816 ἀληθῶς
756 2760 1071 2816 παραλογισθῆν’
1124 2763 1230 2803 Ellis
1271 2762 1387 2814 apud
1427 2762 1507 2813 Bl.,
1551 2762 1625 2811 qui
1666 2762 1759 2811 ipse
1789 2758 1940 2812 ἀληθές
1969 2773 2017 2812 με

310 2828 639 2885 παραλογίσασθ’,
671 2828 754 2872 ὥστ’
791 2830 903 2884 ἔχειν.
935 2831 1038 2872 Mihi
1071 2841 1157 2871 non
1190 2831 1345 2882 liquet,
1374 2830 1450 2870 sed
1477 2830 1623 2880 ipsum
1648 2825 1798 2880 ἀληθὲς
1824 2828 2019 2879 graviter

310 2903 565 2951 corruptum
606 2900 716 2939 duco
758 2909 860 2939 cum
902 2898 1086 2949 Kockio,
1129 2899 1203 2948 qui
1244 2899 1395 2948 aptam
1433 2897 1703 2937 sententiam
1735 2895 1907 2945 elicuit;
1937 2903 2020 2936 nec

309 2971 458 3008 tamen
488 2968 632 3007 locum
660 2966 927 3007 emendavit.
955 2965 1178 3006 Prioribus
1205 2965 1351 3006 verbis
1377 2964 1512 3004 etiam
1539 2964 1723 3004 subesse
1749 2964 1918 3013 potest:
1943 2959 2019 3002 οὐκ

313 3033 334 3073 ἔ
342 3046 417 3073 στι
452 3034 579 3086 δῆτά
622 3048 677 3085 με
709 3029 1042 3087 παραλογίσασθ’.

254 3103 320 3142 Fr.
355 3103 423 3142 33.
465 3101 678 3154 κανθάρου
721 3101 958 3153 σοφώτερος.
996 3100 1246 3142 O.Crusius
1288 3099 1415 3141 Anal.
1449 3100 1503 3140 ad
1537 3100 1825 3149 paroemiogr.
1858 3108 1899 3148 p.
1934 3095 2015 3137 147

314 3170 625 3219 „Proverbium
657 3179 681 3209 e
713 3170 1020 3210 vetustissima
1055 3168 1258 3209 canthari
1288 3166 1437 3208 tabula
1467 3167 1693 3208 ductum.”

255 3237 322 3276 Fr.
358 3237 427 3277 85.
460 3236 598 3289 γυλιόν
630 3232 699 3276 τιν’
734 3239 854 3278 recte
885 3236 950 3277 Bl.
