<?xml version="1.0" encoding="UTF-8"?>
<!DOCTYPE html PUBLIC "-//W3C//DTD XHTML 1.0 Transitional//EN"
    "http://www.w3.org/TR/xhtml1/DTD/xhtml1-transitional.dtd">
<html xmlns="http://www.w3.org/1999/xhtml" xml:lang="en" lang="en">
 <head>
  <title>
</title>
<meta http-equiv="Content-Type" content="text/html;charset=utf-8" />
  <meta name='ocr-system' content='tesseract 3.04.00' />
  <meta name='ocr-capabilities' content='ocr_page ocr_carea ocr_par ocr_line ocrx_word'/>
</head>
<body>
  <div class='ocr_page' id='page_1' title='image "./collectaneacriti00herwuoft_0075.png"; bbox 0 0 2216 3522; ppageno 0'>
   <div class='ocr_carea' id='block_1_1' title="bbox 1055 230 1108 270">
    <p class='ocr_par' dir='ltr' id='par_1_1' title="bbox 1055 230 1108 270">
     <span class='ocr_line' id='line_1_1' title="bbox 1055 230 1108 270; baseline 0 0"><span class='ocrx_word' id='word_1_1' title='bbox 1055 230 1108 270; x_wconf 87' lang='lat'>61</span> 
     </span>
    </p>
   </div>
   <div class='ocr_carea' id='block_1_2' title="bbox 201 349 1961 546">
    <p class='ocr_par' dir='ltr' id='par_1_2' title="bbox 201 349 1961 546">
     <span class='ocr_line' id='line_1_2' title="bbox 201 349 1529 408; baseline 0.001 -14"><span class='ocrx_word' id='word_1_2' title='bbox 201 352 272 394; x_wconf 80' lang='lat' dir='ltr'>Fr.</span> <span class='ocrx_word' id='word_1_3' title='bbox 305 354 375 394; x_wconf 80' lang='grc'>26.</span> <span class='ocrx_word' id='word_1_4' title='bbox 615 349 672 392; x_wconf 77' lang='grc' dir='ltr'>ἐπ’</span> <span class='ocrx_word' id='word_1_5' title='bbox 706 353 830 394; x_wconf 79' lang='grc' dir='ltr'><strong><em>αὐτὸν</em></strong></span> <span class='ocrx_word' id='word_1_6' title='bbox 859 353 968 406; x_wconf 76' lang='grc' dir='ltr'><strong><em>ἥκεις</em></strong></span> <span class='ocrx_word' id='word_1_7' title='bbox 999 354 1069 395; x_wconf 86' lang='grc' dir='ltr'>τὸν</span> <span class='ocrx_word' id='word_1_8' title='bbox 1098 355 1253 407; x_wconf 85' lang='grc' dir='ltr'><strong><em>βατῆρα</em></strong></span> <span class='ocrx_word' id='word_1_9' title='bbox 1283 360 1353 407; x_wconf 82' lang='grc' dir='ltr'><strong><em>τῆς</em></strong></span> <span class='ocrx_word' id='word_1_10' title='bbox 1381 355 1529 408; x_wconf 80' lang='grc' dir='ltr'><strong><em>θύρας.</em></strong></span> 
     </span>
     <span class='ocr_line' id='line_1_3' title="bbox 259 418 1961 476; baseline 0.003 -15"><span class='ocrx_word' id='word_1_11' title='bbox 259 419 322 461; x_wconf 80' lang='lat' dir='ltr'>Cf.</span> <span class='ocrx_word' id='word_1_12' title='bbox 354 422 429 461; x_wconf 88' lang='lat' dir='ltr'>Ar.</span> <span class='ocrx_word' id='word_1_13' title='bbox 460 421 569 462; x_wconf 83' lang='lat' dir='ltr'>Rau.</span> <span class='ocrx_word' id='word_1_14' title='bbox 602 423 690 462; x_wconf 82' lang='lat'>436</span> <span class='ocrx_word' id='word_1_15' title='bbox 721 418 799 462; x_wconf 80' lang='grc' dir='ltr'>ἀλλ’</span> <span class='ocrx_word' id='word_1_16' title='bbox 834 419 913 461; x_wconf 82' lang='grc' dir='ltr'>ἴσθ’</span> <span class='ocrx_word' id='word_1_17' title='bbox 949 419 1012 461; x_wconf 78' lang='grc' dir='ltr'>ἐπ’</span> <span class='ocrx_word' id='word_1_18' title='bbox 1044 420 1172 473; x_wconf 79' lang='grc' dir='ltr'><strong><em>αὐτὴν</em></strong></span> <span class='ocrx_word' id='word_1_19' title='bbox 1202 421 1275 473; x_wconf 82' lang='grc' dir='ltr'>τὴν</span> <span class='ocrx_word' id='word_1_20' title='bbox 1305 422 1443 475; x_wconf 80' lang='grc' dir='ltr'><strong><em>θύραν</em></strong></span> <span class='ocrx_word' id='word_1_21' title='bbox 1473 421 1705 476; x_wconf 78' lang='grc' dir='ltr'><em>ἀφιγμένος.</em></span> <span class='ocrx_word' id='word_1_22' title='bbox 1736 424 1799 465; x_wconf 87' lang='lat' dir='ltr'>De</span> <span class='ocrx_word' id='word_1_23' title='bbox 1828 436 1961 465; x_wconf 82' lang='lat' dir='ltr'>sensu</span> 
     </span>
     <span class='ocr_line' id='line_1_4' title="bbox 258 486 1518 546; baseline -0.003 -13"><span class='ocrx_word' id='word_1_24' title='bbox 258 489 558 539; x_wconf 80' lang='lat' dir='ltr'>metaphorice</span> <span class='ocrx_word' id='word_1_25' title='bbox 589 489 654 530; x_wconf 92' lang='lat' dir='ltr'>Bl.</span> <span class='ocrx_word' id='word_1_26' title='bbox 688 490 762 530; x_wconf 85' lang='lat' dir='ltr'>cft.</span> <span class='ocrx_word' id='word_1_27' title='bbox 794 489 926 539; x_wconf 91' lang='lat' dir='ltr'>Vesp.</span> <span class='ocrx_word' id='word_1_28' title='bbox 959 490 1046 530; x_wconf 86' lang='lat'>480</span> <span class='ocrx_word' id='word_1_29' title='bbox 1077 486 1165 530; x_wconf 79' lang='grc' dir='ltr'><strong><em>οὐδ’</em></strong></span> <span class='ocrx_word' id='word_1_30' title='bbox 1201 488 1245 530; x_wconf 80' lang='grc' dir='ltr'>ἐν</span> <span class='ocrx_word' id='word_1_31' title='bbox 1275 490 1413 546; x_wconf 78' lang='grc' dir='ltr'><strong><em>σελίνῳ</em></strong></span> <span class='ocrx_word' id='word_1_32' title='bbox 1443 504 1518 530; x_wconf 81' lang='grc' dir='ltr'>πω,</span> 
     </span>
    </p>
   </div>
   <div class='ocr_carea' id='block_1_3' title="bbox 201 620 1968 3300">
    <p class='ocr_par' dir='ltr' id='par_1_3' title="bbox 202 620 1967 944">
     <span class='ocr_line' id='line_1_5' title="bbox 202 620 1962 678; baseline 0.001 -12"><span class='ocrx_word' id='word_1_33' title='bbox 202 620 435 678; x_wconf 77' lang='lat' dir='ltr'><strong>Archippi</strong></span> <span class='ocrx_word' id='word_1_34' title='bbox 465 624 517 664; x_wconf 90' lang='lat' dir='ltr'>fr.</span> <span class='ocrx_word' id='word_1_35' title='bbox 550 626 590 675; x_wconf 84' lang='lat'>9,</span> <span class='ocrx_word' id='word_1_36' title='bbox 627 626 665 664; x_wconf 94' lang='lat'>1.</span> <span class='ocrx_word' id='word_1_37' title='bbox 698 624 854 676; x_wconf 80' lang='grc' dir='ltr'><strong><em>ἰτρίοισι</em></strong></span> <span class='ocrx_word' id='word_1_38' title='bbox 885 622 1214 677; x_wconf 79' lang='grc' dir='ltr'><strong><em>κάπιφορήμασιν</em></strong></span> <span class='ocrx_word' id='word_1_39' title='bbox 1254 626 1452 676; x_wconf 88' lang='lat' dir='ltr'>praefero</span> <span class='ocrx_word' id='word_1_40' title='bbox 1484 637 1584 666; x_wconf 89' lang='lat' dir='ltr'>cum</span> <span class='ocrx_word' id='word_1_41' title='bbox 1611 626 1676 667; x_wconf 93' lang='lat' dir='ltr'>Bl.</span> <span class='ocrx_word' id='word_1_42' title='bbox 1718 627 1813 667; x_wconf 90' lang='lat' dir='ltr'>Non</span> <span class='ocrx_word' id='word_1_43' title='bbox 1843 629 1962 668; x_wconf 91' lang='lat' dir='ltr'>enim</span> 
     </span>
     <span class='ocr_line' id='line_1_6' title="bbox 261 691 1964 742; baseline 0.002 -11"><span class='ocrx_word' id='word_1_44' title='bbox 261 691 348 731; x_wconf 87' lang='lat' dir='ltr'>nisi</span> <span class='ocrx_word' id='word_1_45' title='bbox 377 701 476 731; x_wconf 90' lang='lat' dir='ltr'>raro</span> <span class='ocrx_word' id='word_1_46' title='bbox 507 694 663 742; x_wconf 88' lang='lat' dir='ltr'>poetae</span> <span class='ocrx_word' id='word_1_47' title='bbox 702 702 784 732; x_wconf 91' lang='lat' dir='ltr'>nec</span> <span class='ocrx_word' id='word_1_48' title='bbox 814 692 901 731; x_wconf 89' lang='lat' dir='ltr'>nisi</span> <span class='ocrx_word' id='word_1_49' title='bbox 926 695 1110 742; x_wconf 84' lang='lat' dir='ltr'>cogente</span> <span class='ocrx_word' id='word_1_50' title='bbox 1135 694 1278 733; x_wconf 82' lang='lat' dir='ltr'>metro</span> <span class='ocrx_word' id='word_1_51' title='bbox 1319 694 1363 733; x_wconf 91' lang='lat' dir='ltr'>in</span> <span class='ocrx_word' id='word_1_52' title='bbox 1395 693 1480 733; x_wconf 91' lang='lat' dir='ltr'>fine</span> <span class='ocrx_word' id='word_1_53' title='bbox 1513 694 1704 734; x_wconf 83' lang='lat' dir='ltr'><strong>trimetri</strong></span> <span class='ocrx_word' id='word_1_54' title='bbox 1736 695 1964 736; x_wconf 84' lang='lat' dir='ltr'>elisionem</span> 
     </span>
     <span class='ocr_line' id='line_1_7' title="bbox 260 759 1963 809; baseline 0.003 -11"><span class='ocrx_word' id='word_1_55' title='bbox 260 759 496 799; x_wconf 81' lang='lat' dir='ltr'>admittere</span> <span class='ocrx_word' id='word_1_56' title='bbox 527 760 743 809; x_wconf 91' lang='lat' dir='ltr'>videntur,</span> <span class='ocrx_word' id='word_1_57' title='bbox 787 760 890 808; x_wconf 90' lang='lat' dir='ltr'>quia</span> <span class='ocrx_word' id='word_1_58' title='bbox 927 770 979 799; x_wconf 91' lang='lat' dir='ltr'>ea</span> <span class='ocrx_word' id='word_1_59' title='bbox 1019 760 1144 800; x_wconf 92' lang='lat' dir='ltr'>elisio</span> <span class='ocrx_word' id='word_1_60' title='bbox 1184 762 1367 800; x_wconf 90' lang='lat' dir='ltr'>naturae</span> <span class='ocrx_word' id='word_1_61' title='bbox 1405 762 1563 801; x_wconf 91' lang='lat' dir='ltr'>horum</span> <span class='ocrx_word' id='word_1_62' title='bbox 1594 772 1804 801; x_wconf 88' lang='lat' dir='ltr'>versuum</span> <span class='ocrx_word' id='word_1_63' title='bbox 1835 763 1963 803; x_wconf 85' lang='lat' dir='ltr'>refra-</span> 
     </span>
     <span class='ocr_line' id='line_1_8' title="bbox 261 827 1967 879; baseline 0.002 -13"><span class='ocrx_word' id='word_1_64' title='bbox 261 827 405 876; x_wconf 84' lang='lat' dir='ltr'>gatur.</span> <span class='ocrx_word' id='word_1_65' title='bbox 437 827 701 878; x_wconf 86' lang='lat' dir='ltr'><strong>Plurimum,</strong></span> <span class='ocrx_word' id='word_1_66' title='bbox 735 828 940 876; x_wconf 88' lang='lat' dir='ltr'>quamvis</span> <span class='ocrx_word' id='word_1_67' title='bbox 969 828 1140 868; x_wconf 91' lang='lat' dir='ltr'>modice</span> <span class='ocrx_word' id='word_1_68' title='bbox 1172 830 1217 868; x_wconf 93' lang='lat' dir='ltr'>et</span> <span class='ocrx_word' id='word_1_69' title='bbox 1258 829 1369 879; x_wconf 91' lang='lat' dir='ltr'>ipse,</span> <span class='ocrx_word' id='word_1_70' title='bbox 1411 829 1455 868; x_wconf 91' lang='lat' dir='ltr'>in</span> <span class='ocrx_word' id='word_1_71' title='bbox 1496 839 1548 868; x_wconf 92' lang='lat' dir='ltr'>eo</span> <span class='ocrx_word' id='word_1_72' title='bbox 1584 839 1742 878; x_wconf 88' lang='lat' dir='ltr'>genere</span> <span class='ocrx_word' id='word_1_73' title='bbox 1766 831 1967 879; x_wconf 89' lang='lat' dir='ltr'>peccavit</span> 
     </span>
     <span class='ocr_line' id='line_1_9' title="bbox 262 894 1006 944; baseline 0 -10"><span class='ocrx_word' id='word_1_74' title='bbox 262 895 348 940; x_wconf 87' lang='lat' dir='ltr'>(est</span> <span class='ocrx_word' id='word_1_75' title='bbox 377 895 497 934; x_wconf 92' lang='lat' dir='ltr'>enim</span> <span class='ocrx_word' id='word_1_76' title='bbox 526 895 721 939; x_wconf 90' lang='lat' dir='ltr'>licentia)</span> <span class='ocrx_word' id='word_1_77' title='bbox 754 894 1006 944; x_wconf 88' lang='lat' dir='ltr'>Sophocles.</span> 
     </span>
    </p>

    <p class='ocr_par' dir='ltr' id='par_1_4' title="bbox 202 959 1965 1204">
     <span class='ocr_line' id='line_1_10' title="bbox 202 959 1962 1015; baseline 0.003 -15"><span class='ocrx_word' id='word_1_78' title='bbox 202 961 272 1001; x_wconf 93' lang='lat' dir='ltr'>Fr.</span> <span class='ocrx_word' id='word_1_79' title='bbox 308 962 375 1001; x_wconf 92' lang='lat'>10.</span> <span class='ocrx_word' id='word_1_80' title='bbox 418 961 540 1011; x_wconf 79' lang='grc' dir='ltr'><strong><em>ὕφελε</em></strong></span> <span class='ocrx_word' id='word_1_81' title='bbox 579 964 656 1001; x_wconf 89' lang='lat' dir='ltr'>aut</span> <span class='ocrx_word' id='word_1_82' title='bbox 696 959 824 1014; x_wconf 72' lang='grc' dir='ltr'><strong><em>ἄπαγε</em></strong></span> <span class='ocrx_word' id='word_1_83' title='bbox 864 963 1048 1010; x_wconf 79' lang='lat' dir='ltr'>requirit</span> <span class='ocrx_word' id='word_1_84' title='bbox 1082 963 1147 1002; x_wconf 92' lang='lat' dir='ltr'>Bl.</span> <span class='ocrx_word' id='word_1_85' title='bbox 1188 973 1265 1012; x_wconf 89' lang='lat' dir='ltr'>pro</span> <span class='ocrx_word' id='word_1_86' title='bbox 1297 962 1483 1015; x_wconf 79' lang='grc' dir='ltr'><strong><em>ὕπαγε,</em></strong></span> <span class='ocrx_word' id='word_1_87' title='bbox 1522 965 1635 1013; x_wconf 92' lang='lat' dir='ltr'>quod</span> <span class='ocrx_word' id='word_1_88' title='bbox 1664 965 1768 1004; x_wconf 88' lang='lat' dir='ltr'>ferri</span> <span class='ocrx_word' id='word_1_89' title='bbox 1798 967 1962 1015; x_wconf 87' lang='lat' dir='ltr'>nequit.</span> 
     </span>
     <span class='ocr_line' id='line_1_11' title="bbox 262 1026 1964 1084; baseline 0.002 -16"><span class='ocrx_word' id='word_1_90' title='bbox 262 1027 429 1068; x_wconf 88' lang='lat' dir='ltr'>Verum</span> <span class='ocrx_word' id='word_1_91' title='bbox 470 1029 644 1069; x_wconf 83' lang='lat' dir='ltr'>videtur</span> <span class='ocrx_word' id='word_1_92' title='bbox 684 1026 868 1081; x_wconf 76' lang='grc' dir='ltr'><strong><em>ἄπαγε;</em></strong></span> <span class='ocrx_word' id='word_1_93' title='bbox 914 1029 1031 1068; x_wconf 93' lang='lat' dir='ltr'>male</span> <span class='ocrx_word' id='word_1_94' title='bbox 1086 1039 1134 1069; x_wconf 93' lang='lat' dir='ltr'>se</span> <span class='ocrx_word' id='word_1_95' title='bbox 1176 1029 1358 1070; x_wconf 91' lang='lat' dir='ltr'>haberet</span> <span class='ocrx_word' id='word_1_96' title='bbox 1397 1029 1538 1081; x_wconf 77' lang='grc' dir='ltr'><strong><em>ὕφελε,</em></strong></span> <span class='ocrx_word' id='word_1_97' title='bbox 1568 1032 1670 1080; x_wconf 93' lang='lat' dir='ltr'>quia</span> <span class='ocrx_word' id='word_1_98' title='bbox 1714 1030 1964 1084; x_wconf 79' lang='grc' dir='ltr'><strong><em>ἀκροβελίδες</em></strong></span> 
     </span>
     <span class='ocr_line' id='line_1_12' title="bbox 261 1095 1965 1148; baseline 0.004 -13"><span class='ocrx_word' id='word_1_99' title='bbox 261 1095 354 1145; x_wconf 84' lang='lat' dir='ltr'>igni</span> <span class='ocrx_word' id='word_1_100' title='bbox 392 1095 693 1146; x_wconf 88' lang='lat' dir='ltr'>imponuntur,</span> <span class='ocrx_word' id='word_1_101' title='bbox 736 1106 823 1136; x_wconf 93' lang='lat' dir='ltr'>non</span> <span class='ocrx_word' id='word_1_102' title='bbox 868 1099 1188 1146; x_wconf 91' lang='lat' dir='ltr'>supponuntur,</span> <span class='ocrx_word' id='word_1_103' title='bbox 1235 1098 1383 1146; x_wconf 89' lang='lat' dir='ltr'>itaque</span> <span class='ocrx_word' id='word_1_104' title='bbox 1424 1100 1540 1138; x_wconf 92' lang='lat' dir='ltr'>certe</span> <span class='ocrx_word' id='word_1_105' title='bbox 1578 1096 1699 1148; x_wconf 79' lang='grc' dir='ltr'><strong><em>ἰίφελε</em></strong></span> <span class='ocrx_word' id='word_1_106' title='bbox 1734 1100 1965 1141; x_wconf 90' lang='lat' dir='ltr'>dicendum</span> 
     </span>
     <span class='ocr_line' id='line_1_13' title="bbox 261 1162 437 1204; baseline 0 -1"><span class='ocrx_word' id='word_1_107' title='bbox 261 1162 437 1204; x_wconf 87' lang='lat' dir='ltr'>fuisset.</span> 
     </span>
    </p>

    <p class='ocr_par' dir='ltr' id='par_1_5' title="bbox 201 1228 1838 1286">
     <span class='ocr_line' id='line_1_14' title="bbox 201 1228 1838 1286; baseline 0.002 -16"><span class='ocrx_word' id='word_1_108' title='bbox 201 1230 272 1270; x_wconf 91' lang='lat' dir='ltr'>Fr.</span> <span class='ocrx_word' id='word_1_109' title='bbox 309 1231 377 1280; x_wconf 92' lang='lat'>11,</span> <span class='ocrx_word' id='word_1_110' title='bbox 414 1232 451 1271; x_wconf 91' lang='lat'>1.</span> <span class='ocrx_word' id='word_1_111' title='bbox 479 1231 543 1271; x_wconf 93' lang='lat' dir='ltr'>Bl.</span> <span class='ocrx_word' id='word_1_112' title='bbox 579 1231 794 1271; x_wconf 89' lang='lat' dir='ltr'>violenter</span> <span class='ocrx_word' id='word_1_113' title='bbox 824 1230 899 1270; x_wconf 83' lang='grc' dir='ltr'><strong><em>εἰσὶ</em></strong></span> <span class='ocrx_word' id='word_1_114' title='bbox 931 1228 968 1270; x_wconf 83' lang='grc' dir='ltr'>δ’</span> <span class='ocrx_word' id='word_1_115' title='bbox 1003 1229 1117 1282; x_wconf 86' lang='grc' dir='ltr'><strong><em>ὁμοῦ.</em></strong></span> <span class='ocrx_word' id='word_1_116' title='bbox 1151 1254 1205 1262; x_wconf 89' lang='grc'>-</span> <span class='ocrx_word' id='word_1_117' title='bbox 1240 1232 1315 1272; x_wconf 90' lang='lat' dir='ltr'>Vs.</span> <span class='ocrx_word' id='word_1_118' title='bbox 1348 1233 1387 1272; x_wconf 91' lang='lat'>2.</span> <span class='ocrx_word' id='word_1_119' title='bbox 1420 1234 1542 1274; x_wconf 91' lang='lat' dir='ltr'>Idem</span> <span class='ocrx_word' id='word_1_120' title='bbox 1573 1230 1615 1272; x_wconf 83' lang='grc' dir='ltr'>θ’</span> <span class='ocrx_word' id='word_1_121' title='bbox 1649 1233 1838 1286; x_wconf 81' lang='grc' dir='ltr'><strong><em>ὑψίκερω.</em></strong></span> 
     </span>
    </p>

    <p class='ocr_par' dir='ltr' id='par_1_6' title="bbox 201 1297 1966 1486">
     <span class='ocr_line' id='line_1_15' title="bbox 201 1297 1961 1352; baseline 0.003 -14"><span class='ocrx_word' id='word_1_122' title='bbox 201 1297 271 1338; x_wconf 89' lang='lat' dir='ltr'>Fr.</span> <span class='ocrx_word' id='word_1_123' title='bbox 303 1299 371 1338; x_wconf 99' lang='lat'>12.</span> <span class='ocrx_word' id='word_1_124' title='bbox 418 1298 554 1339; x_wconf 87' lang='lat' dir='ltr'>Recte</span> <span class='ocrx_word' id='word_1_125' title='bbox 596 1299 661 1339; x_wconf 94' lang='lat' dir='ltr'>Bl.</span> <span class='ocrx_word' id='word_1_126' title='bbox 704 1299 925 1348; x_wconf 88' lang='lat' dir='ltr'>virgulam</span> <span class='ocrx_word' id='word_1_127' title='bbox 967 1301 1068 1348; x_wconf 89' lang='lat' dir='ltr'>post</span> <span class='ocrx_word' id='word_1_128' title='bbox 1108 1299 1263 1349; x_wconf 82' lang='grc' dir='ltr'><strong><em>νήστεις</em></strong></span> <span class='ocrx_word' id='word_1_129' title='bbox 1304 1300 1439 1350; x_wconf 92' lang='lat' dir='ltr'>delet,</span> <span class='ocrx_word' id='word_1_130' title='bbox 1473 1301 1569 1341; x_wconf 88' lang='lat' dir='ltr'>coll.</span> <span class='ocrx_word' id='word_1_131' title='bbox 1601 1301 1727 1342; x_wconf 88' lang='lat' dir='ltr'>Alex.</span> <span class='ocrx_word' id='word_1_132' title='bbox 1759 1303 1823 1341; x_wconf 96' lang='lat' dir='ltr'>III</span> <span class='ocrx_word' id='word_1_133' title='bbox 1855 1304 1961 1352; x_wconf 81' lang='lat'>500,</span> 
     </span>
     <span class='ocr_line' id='line_1_16' title="bbox 261 1365 1966 1417; baseline 0.003 -12"><span class='ocrx_word' id='word_1_134' title='bbox 261 1365 415 1406; x_wconf 85' lang='lat' dir='ltr'>Eubul.</span> <span class='ocrx_word' id='word_1_135' title='bbox 447 1366 511 1405; x_wconf 88' lang='lat'>111</span> <span class='ocrx_word' id='word_1_136' title='bbox 545 1367 645 1417; x_wconf 88' lang='lat'>238,</span> <span class='ocrx_word' id='word_1_137' title='bbox 692 1367 946 1406; x_wconf 85' lang='lat' dir='ltr'>Anaxandr.</span> <span class='ocrx_word' id='word_1_138' title='bbox 979 1367 1044 1406; x_wconf 92' lang='lat' dir='ltr'>III</span> <span class='ocrx_word' id='word_1_139' title='bbox 1079 1368 1176 1417; x_wconf 85' lang='lat'>177,</span> <span class='ocrx_word' id='word_1_140' title='bbox 1226 1367 1446 1417; x_wconf 88' lang='lat' dir='ltr'>Euphron.</span> <span class='ocrx_word' id='word_1_141' title='bbox 1494 1369 1553 1407; x_wconf 90' lang='lat' dir='ltr'>IV</span> <span class='ocrx_word' id='word_1_142' title='bbox 1584 1370 1670 1408; x_wconf 83' lang='lat'>489</span> <span class='ocrx_word' id='word_1_143' title='bbox 1711 1372 1793 1410; x_wconf 88' lang='lat' dir='ltr'>etc.</span> <span class='ocrx_word' id='word_1_144' title='bbox 1840 1371 1966 1410; x_wconf 87' lang='lat' dir='ltr'>Errat</span> 
     </span>
     <span class='ocr_line' id='line_1_17' title="bbox 262 1433 1447 1486; baseline 0 -14"><span class='ocrx_word' id='word_1_145' title='bbox 262 1433 398 1473; x_wconf 87' lang='lat' dir='ltr'>Kock.</span> <span class='ocrx_word' id='word_1_146' title='bbox 434 1433 569 1473; x_wconf 86' lang='lat' dir='ltr'>Recte</span> <span class='ocrx_word' id='word_1_147' title='bbox 600 1434 665 1474; x_wconf 87' lang='lat' dir='ltr'>Bl.</span> <span class='ocrx_word' id='word_1_148' title='bbox 698 1444 797 1474; x_wconf 89' lang='lat' dir='ltr'>eam</span> <span class='ocrx_word' id='word_1_149' title='bbox 829 1435 986 1474; x_wconf 91' lang='lat' dir='ltr'>inserit</span> <span class='ocrx_word' id='word_1_150' title='bbox 1015 1435 1067 1475; x_wconf 88' lang='lat' dir='ltr'>fr.</span> <span class='ocrx_word' id='word_1_151' title='bbox 1104 1437 1171 1485; x_wconf 88' lang='lat'>15,</span> <span class='ocrx_word' id='word_1_152' title='bbox 1205 1436 1230 1473; x_wconf 91' lang='lat'>2</span> <span class='ocrx_word' id='word_1_153' title='bbox 1263 1436 1364 1484; x_wconf 91' lang='lat' dir='ltr'>post</span> <span class='ocrx_word' id='word_1_154' title='bbox 1394 1449 1447 1486; x_wconf 80' lang='grc' dir='ltr'>γε.</span> 
     </span>
    </p>

    <p class='ocr_par' dir='ltr' id='par_1_7' title="bbox 202 1501 1964 1621">
     <span class='ocr_line' id='line_1_18' title="bbox 202 1501 1964 1554; baseline 0.002 -14"><span class='ocrx_word' id='word_1_155' title='bbox 202 1501 272 1540; x_wconf 89' lang='lat' dir='ltr'>Fr.</span> <span class='ocrx_word' id='word_1_156' title='bbox 308 1501 376 1541; x_wconf 89' lang='grc'>17.</span> <span class='ocrx_word' id='word_1_157' title='bbox 419 1501 585 1541; x_wconf 91' lang='lat' dir='ltr'>Iniuria</span> <span class='ocrx_word' id='word_1_158' title='bbox 629 1502 746 1541; x_wconf 91' lang='lat' dir='ltr'>idem</span> <span class='ocrx_word' id='word_1_159' title='bbox 788 1503 971 1550; x_wconf 87' lang='lat' dir='ltr'>requirit</span> <span class='ocrx_word' id='word_1_160' title='bbox 1001 1502 1124 1553; x_wconf 82' lang='grc' dir='ltr'><strong><em>ἱερός,</em></strong></span> <span class='ocrx_word' id='word_1_161' title='bbox 1169 1502 1287 1542; x_wconf 91' lang='lat' dir='ltr'>male</span> <span class='ocrx_word' id='word_1_162' title='bbox 1327 1505 1458 1542; x_wconf 90' lang='lat' dir='ltr'>tuens</span> <span class='ocrx_word' id='word_1_163' title='bbox 1488 1502 1619 1554; x_wconf 81' lang='grc' dir='ltr'><strong><em>ἵεροὺς</em></strong></span> <span class='ocrx_word' id='word_1_164' title='bbox 1655 1504 1705 1543; x_wconf 87' lang='lat' dir='ltr'>fr.</span> <span class='ocrx_word' id='word_1_165' title='bbox 1743 1505 1808 1554; x_wconf 89' lang='lat'>18,</span> <span class='ocrx_word' id='word_1_166' title='bbox 1852 1505 1964 1553; x_wconf 92' lang='lat' dir='ltr'>quod</span> 
     </span>
     <span class='ocr_line' id='line_1_19' title="bbox 262 1568 1390 1621; baseline 0.001 -12"><span class='ocrx_word' id='word_1_167' title='bbox 262 1569 428 1619; x_wconf 87' lang='lat' dir='ltr'>optime</span> <span class='ocrx_word' id='word_1_168' title='bbox 459 1569 599 1609; x_wconf 89' lang='lat' dir='ltr'>Bothe</span> <span class='ocrx_word' id='word_1_169' title='bbox 629 1571 676 1609; x_wconf 94' lang='lat' dir='ltr'>et</span> <span class='ocrx_word' id='word_1_170' title='bbox 707 1568 842 1609; x_wconf 86' lang='lat' dir='ltr'>Cobet</span> <span class='ocrx_word' id='word_1_171' title='bbox 871 1570 915 1609; x_wconf 89' lang='lat' dir='ltr'>in</span> <span class='ocrx_word' id='word_1_172' title='bbox 947 1569 1074 1621; x_wconf 78' lang='grc' dir='ltr'><strong><em>ἱερεὺς</em></strong></span> <span class='ocrx_word' id='word_1_173' title='bbox 1106 1569 1390 1610; x_wconf 84' lang='lat' dir='ltr'>refinxerunt.</span> 
     </span>
    </p>

    <p class='ocr_par' dir='ltr' id='par_1_8' title="bbox 205 1633 1964 1754">
     <span class='ocr_line' id='line_1_20' title="bbox 205 1633 1964 1689; baseline 0.002 -13"><span class='ocrx_word' id='word_1_174' title='bbox 205 1637 276 1677; x_wconf 85' lang='lat' dir='ltr'>Fr.</span> <span class='ocrx_word' id='word_1_175' title='bbox 310 1637 382 1676; x_wconf 85' lang='lat'>21.</span> <span class='ocrx_word' id='word_1_176' title='bbox 421 1634 535 1688; x_wconf 78' lang='grc' dir='ltr'>&lt;ἕγὼ</span> <span class='ocrx_word' id='word_1_177' title='bbox 568 1633 650 1676; x_wconf 82' lang='grc' dir='ltr'>δὲ&gt;</span> <span class='ocrx_word' id='word_1_178' title='bbox 686 1636 847 1675; x_wconf 83' lang='grc' dir='ltr'><strong><em>κύαθον</em></strong></span> <span class='ocrx_word' id='word_1_179' title='bbox 878 1635 952 1676; x_wconf 78' lang='grc' dir='ltr'>κτὲ.</span> <span class='ocrx_word' id='word_1_180' title='bbox 984 1637 1048 1677; x_wconf 88' lang='lat' dir='ltr'>Bl.</span> <span class='ocrx_word' id='word_1_181' title='bbox 1088 1637 1306 1678; x_wconf 79' lang='lat' dir='ltr'>Correctio</span> <span class='ocrx_word' id='word_1_182' title='bbox 1345 1643 1423 1676; x_wconf 88' lang='grc' dir='ltr'>τῶν</span> <span class='ocrx_word' id='word_1_183' title='bbox 1460 1635 1555 1676; x_wconf 82' lang='grc' dir='ltr'><strong><em>δέκα</em></strong></span> <span class='ocrx_word' id='word_1_184' title='bbox 1593 1637 1801 1689; x_wconf 81' lang='grc' dir='ltr'>τούβολοῦ.</span> <span class='ocrx_word' id='word_1_185' title='bbox 1832 1640 1964 1679; x_wconf 80' lang='lat' dir='ltr'>Recte</span> 
     </span>
     <span class='ocr_line' id='line_1_21' title="bbox 262 1694 1719 1754; baseline 0.001 -10"><span class='ocrx_word' id='word_1_186' title='bbox 262 1715 290 1744; x_wconf 91' lang='lat' dir='ltr'>a</span> <span class='ocrx_word' id='word_1_187' title='bbox 319 1704 483 1744; x_wconf 91' lang='lat' dir='ltr'>talibus</span> <span class='ocrx_word' id='word_1_188' title='bbox 514 1703 764 1743; x_wconf 83' lang='lat' dir='ltr'>abstinebat</span> <span class='ocrx_word' id='word_1_189' title='bbox 792 1704 932 1754; x_wconf 85' lang='lat' dir='ltr'>Kock,</span> <span class='ocrx_word' id='word_1_190' title='bbox 966 1705 1039 1743; x_wconf 91' lang='lat' dir='ltr'>ubi</span> <span class='ocrx_word' id='word_1_191' title='bbox 1070 1705 1171 1753; x_wconf 91' lang='lat' dir='ltr'>quid</span> <span class='ocrx_word' id='word_1_192' title='bbox 1201 1694 1286 1745; x_wconf 85' lang='lat' dir='ltr'>non</span> <span class='ocrx_word' id='word_1_193' title='bbox 1319 1704 1531 1754; x_wconf 88' lang='lat' dir='ltr'>suspicari</span> <span class='ocrx_word' id='word_1_194' title='bbox 1562 1706 1719 1753; x_wconf 76' lang='lat' dir='ltr'>possis,</span> 
     </span>
    </p>

    <p class='ocr_par' dir='ltr' id='par_1_9' title="bbox 204 1770 1967 1891">
     <span class='ocr_line' id='line_1_22' title="bbox 204 1770 1967 1823; baseline 0.001 -11"><span class='ocrx_word' id='word_1_195' title='bbox 204 1772 274 1812; x_wconf 89' lang='lat' dir='ltr'>Fr.</span> <span class='ocrx_word' id='word_1_196' title='bbox 307 1773 378 1812; x_wconf 87' lang='lat'>24.</span> <span class='ocrx_word' id='word_1_197' title='bbox 411 1772 610 1812; x_wconf 85' lang='lat' dir='ltr'>Pessime</span> <span class='ocrx_word' id='word_1_198' title='bbox 640 1771 758 1811; x_wconf 89' lang='lat' dir='ltr'>idem</span> <span class='ocrx_word' id='word_1_199' title='bbox 785 1770 852 1811; x_wconf 82' lang='grc' dir='ltr'><strong><em>καὶ</em></strong></span> <span class='ocrx_word' id='word_1_200' title='bbox 867 1770 1061 1823; x_wconf 80' lang='grc' dir='ltr'><strong><em>κτένεσσι,</em></strong></span> <span class='ocrx_word' id='word_1_201' title='bbox 1086 1773 1229 1813; x_wconf 87' lang='lat' dir='ltr'>forma</span> <span class='ocrx_word' id='word_1_202' title='bbox 1254 1772 1452 1812; x_wconf 88' lang='lat' dir='ltr'>inaudita</span> <span class='ocrx_word' id='word_1_203' title='bbox 1476 1772 1519 1811; x_wconf 90' lang='lat' dir='ltr'>in</span> <span class='ocrx_word' id='word_1_204' title='bbox 1546 1773 1783 1813; x_wconf 84' lang='lat' dir='ltr'>comoedia.</span> <span class='ocrx_word' id='word_1_205' title='bbox 1812 1774 1967 1814; x_wconf 85' lang='lat' dir='ltr'>Melius</span> 
     </span>
     <span class='ocr_line' id='line_1_23' title="bbox 266 1838 853 1891; baseline -0.003 -11"><span class='ocrx_word' id='word_1_206' title='bbox 266 1839 388 1880; x_wconf 82' lang='lat' dir='ltr'>Kock</span> <span class='ocrx_word' id='word_1_207' title='bbox 418 1838 553 1891; x_wconf 79' lang='grc' dir='ltr'><strong><em>βάτοις</em></strong></span> <span class='ocrx_word' id='word_1_208' title='bbox 585 1849 662 1888; x_wconf 90' lang='lat' dir='ltr'>pro</span> <span class='ocrx_word' id='word_1_209' title='bbox 687 1853 726 1878; x_wconf 92' lang='grc' dir='ltr'>τε</span> <span class='ocrx_word' id='word_1_210' title='bbox 756 1842 853 1887; x_wconf 88' lang='grc' dir='ltr'><strong><em>τοῖς.</em></strong></span> 
     </span>
    </p>

    <p class='ocr_par' dir='ltr' id='par_1_10' title="bbox 204 1905 1749 1958">
     <span class='ocr_line' id='line_1_24' title="bbox 204 1905 1749 1958; baseline -0.001 -12"><span class='ocrx_word' id='word_1_211' title='bbox 204 1907 274 1947; x_wconf 81' lang='lat' dir='ltr'>Fr.</span> <span class='ocrx_word' id='word_1_212' title='bbox 308 1907 378 1957; x_wconf 85' lang='lat'>25,</span> <span class='ocrx_word' id='word_1_213' title='bbox 412 1907 452 1947; x_wconf 87' lang='lat'>3.</span> <span class='ocrx_word' id='word_1_214' title='bbox 485 1905 712 1958; x_wconf 78' lang='grc' dir='ltr'>ἐντερεύων.</span> <span class='ocrx_word' id='word_1_215' title='bbox 744 1907 809 1947; x_wconf 92' lang='lat' dir='ltr'>Bl.</span> <span class='ocrx_word' id='word_1_216' title='bbox 843 1908 916 1947; x_wconf 84' lang='lat' dir='ltr'>cft.</span> <span class='ocrx_word' id='word_1_217' title='bbox 949 1908 1023 1947; x_wconf 87' lang='lat' dir='ltr'>Ar.</span> <span class='ocrx_word' id='word_1_218' title='bbox 1056 1907 1165 1947; x_wconf 86' lang='lat' dir='ltr'>Nub.</span> <span class='ocrx_word' id='word_1_219' title='bbox 1203 1908 1285 1947; x_wconf 91' lang='grc'>166</span> <span class='ocrx_word' id='word_1_220' title='bbox 1316 1911 1387 1946; x_wconf 87' lang='grc' dir='ltr'><strong><em>τοῦ</em></strong></span> <span class='ocrx_word' id='word_1_221' title='bbox 1419 1906 1749 1958; x_wconf 83' lang='grc' dir='ltr'><strong><em>διεντερεύματος.</em></strong></span> 
     </span>
    </p>

    <p class='ocr_par' dir='ltr' id='par_1_11' title="bbox 203 1973 1967 2428">
     <span class='ocr_line' id='line_1_25' title="bbox 203 1973 1964 2026; baseline 0.001 -12"><span class='ocrx_word' id='word_1_222' title='bbox 203 1974 273 2014; x_wconf 90' lang='lat' dir='ltr'>Fr.</span> <span class='ocrx_word' id='word_1_223' title='bbox 308 1975 377 2024; x_wconf 87' lang='lat'>27,</span> <span class='ocrx_word' id='word_1_224' title='bbox 411 1975 451 2014; x_wconf 84' lang='lat'>5.</span> <span class='ocrx_word' id='word_1_225' title='bbox 485 1973 784 2026; x_wconf 77' lang='grc' dir='ltr'><strong><em>συνήγορον</em></strong></span> <span class='ocrx_word' id='word_1_226' title='bbox 815 1985 892 2024; x_wconf 89' lang='lat' dir='ltr'>pro</span> <span class='ocrx_word' id='word_1_227' title='bbox 918 1974 1117 2026; x_wconf 80' lang='grc' dir='ltr'><strong><em>πάρεδρον</em></strong></span> <span class='ocrx_word' id='word_1_228' title='bbox 1148 1975 1233 2024; x_wconf 81' lang='lat' dir='ltr'>BL,</span> <span class='ocrx_word' id='word_1_229' title='bbox 1262 1974 1395 2014; x_wconf 89' lang='lat' dir='ltr'>nimis</span> <span class='ocrx_word' id='word_1_230' title='bbox 1422 1974 1651 2023; x_wconf 90' lang='lat' dir='ltr'>violenter;</span> <span class='ocrx_word' id='word_1_231' title='bbox 1678 1974 1820 2014; x_wconf 91' lang='lat' dir='ltr'>lenius</span> <span class='ocrx_word' id='word_1_232' title='bbox 1847 1978 1964 2015; x_wconf 91' lang='lat' dir='ltr'>certe</span> 
     </span>
     <span class='ocr_line' id='line_1_26' title="bbox 264 2041 1966 2093; baseline 0.001 -13"><span class='ocrx_word' id='word_1_233' title='bbox 264 2041 520 2093; x_wconf 82' lang='grc' dir='ltr'><strong><em>σύνεδρον</em></strong></span> <span class='ocrx_word' id='word_1_234' title='bbox 560 2042 836 2091; x_wconf 87' lang='lat' dir='ltr'>coniecisset,</span> <span class='ocrx_word' id='word_1_235' title='bbox 879 2042 955 2082; x_wconf 91' lang='lat' dir='ltr'>sed</span> <span class='ocrx_word' id='word_1_236' title='bbox 997 2043 1147 2091; x_wconf 91' lang='lat' dir='ltr'>quidni</span> <span class='ocrx_word' id='word_1_237' title='bbox 1187 2041 1430 2081; x_wconf 88' lang='lat' dir='ltr'>Batrachus</span> <span class='ocrx_word' id='word_1_238' title='bbox 1461 2042 1752 2090; x_wconf 82' lang='lat' dir='ltr'>magistratus</span> <span class='ocrx_word' id='word_1_239' title='bbox 1782 2042 1966 2082; x_wconf 90' lang='lat' dir='ltr'>alicuius</span> 
     </span>
     <span class='ocr_line' id='line_1_27' title="bbox 264 2108 1967 2159; baseline 0 -11"><span class='ocrx_word' id='word_1_240' title='bbox 264 2109 536 2158; x_wconf 87' lang='lat' dir='ltr'>paredrus</span> <span class='ocrx_word' id='word_1_241' title='bbox 576 2109 765 2148; x_wconf 85' lang='lat' dir='ltr'>fuisset?</span> <span class='ocrx_word' id='word_1_242' title='bbox 805 2109 943 2159; x_wconf 87' lang='lat' dir='ltr'>Magis</span> <span class='ocrx_word' id='word_1_243' title='bbox 982 2120 1055 2150; x_wconf 94' lang='lat' dir='ltr'>me</span> <span class='ocrx_word' id='word_1_244' title='bbox 1097 2112 1272 2158; x_wconf 86' lang='lat' dir='ltr'>torquet</span> <span class='ocrx_word' id='word_1_245' title='bbox 1311 2108 1483 2158; x_wconf 81' lang='grc' dir='ltr'><strong><em>τόκον,</em></strong></span> <span class='ocrx_word' id='word_1_246' title='bbox 1524 2109 1635 2157; x_wconf 92' lang='lat' dir='ltr'>quod</span> <span class='ocrx_word' id='word_1_247' title='bbox 1667 2109 1710 2147; x_wconf 91' lang='lat' dir='ltr'>in</span> <span class='ocrx_word' id='word_1_248' title='bbox 1742 2110 1967 2149; x_wconf 90' lang='lat' dir='ltr'>comoedia</span> 
     </span>
     <span class='ocr_line' id='line_1_28' title="bbox 265 2176 1964 2226; baseline 0.001 -11"><span class='ocrx_word' id='word_1_249' title='bbox 265 2178 487 2226; x_wconf 87' lang='lat' dir='ltr'>partum</span> <span class='ocrx_word' id='word_1_250' title='bbox 518 2178 564 2216; x_wconf 92' lang='lat' dir='ltr'>et</span> <span class='ocrx_word' id='word_1_251' title='bbox 594 2186 823 2216; x_wconf 90' lang='lat' dir='ltr'>usuram</span> <span class='ocrx_word' id='word_1_252' title='bbox 854 2178 1031 2216; x_wconf 91' lang='lat' dir='ltr'>tanturn</span> <span class='ocrx_word' id='word_1_253' title='bbox 1062 2176 1311 2226; x_wconf 89' lang='lat' dir='ltr'>significare</span> <span class='ocrx_word' id='word_1_254' title='bbox 1342 2177 1505 2225; x_wconf 89' lang='lat' dir='ltr'>potest,</span> <span class='ocrx_word' id='word_1_255' title='bbox 1545 2186 1632 2215; x_wconf 93' lang='lat' dir='ltr'>non</span> <span class='ocrx_word' id='word_1_256' title='bbox 1672 2176 1857 2216; x_wconf 85' lang='lat' dir='ltr'>filium</span> <span class='ocrx_word' id='word_1_257' title='bbox 1889 2180 1964 2217; x_wconf 91' lang='lat' dir='ltr'>aut</span> 
     </span>
     <span class='ocr_line' id='line_1_29' title="bbox 265 2243 1960 2295; baseline 0.001 -13"><span class='ocrx_word' id='word_1_258' title='bbox 265 2243 530 2283; x_wconf 87' lang='lat' dir='ltr'>subolem.</span> <span class='ocrx_word' id='word_1_259' title='bbox 563 2243 851 2283; x_wconf 76' lang='lat' dir='ltr'>scribendum</span> <span class='ocrx_word' id='word_1_260' title='bbox 883 2245 1001 2284; x_wconf 91' lang='lat' dir='ltr'>certe</span> <span class='ocrx_word' id='word_1_261' title='bbox 1032 2244 1207 2284; x_wconf 89' lang='lat' dir='ltr'>videtur</span> <span class='ocrx_word' id='word_1_262' title='bbox 1240 2243 1403 2295; x_wconf 84' lang='grc' dir='ltr'><strong><em>Κωβιοῦ</em></strong></span> <span class='ocrx_word' id='word_1_263' title='bbox 1434 2248 1505 2282; x_wconf 86' lang='grc' dir='ltr'><strong><em>τοῦ</em></strong></span> <span class='ocrx_word' id='word_1_264' title='bbox 1531 2243 1783 2293; x_wconf 80' lang='grc' dir='ltr'><strong><em>Σαλαμινίου</em></strong></span> <span class='ocrx_word' id='word_1_265' title='bbox 1814 2244 1960 2287; x_wconf 84' lang='grc' dir='ltr'><strong><em>&lt;τὸν&gt;</em></strong></span> 
     </span>
     <span class='ocr_line' id='line_1_30' title="bbox 263 2309 1966 2362; baseline 0.002 -13"><span class='ocrx_word' id='word_1_266' title='bbox 263 2309 393 2350; x_wconf 79' lang='grc' dir='ltr'><strong><em>τόκον.</em></strong></span> <span class='ocrx_word' id='word_1_267' title='bbox 433 2310 516 2350; x_wconf 87' lang='lat' dir='ltr'>Sed</span> <span class='ocrx_word' id='word_1_268' title='bbox 557 2310 703 2350; x_wconf 89' lang='lat' dir='ltr'>nescio</span> <span class='ocrx_word' id='word_1_269' title='bbox 745 2320 818 2350; x_wconf 90' lang='lat' dir='ltr'>am</span> <span class='ocrx_word' id='word_1_270' title='bbox 860 2321 964 2350; x_wconf 89' lang='lat' dir='ltr'>vera</span> <span class='ocrx_word' id='word_1_271' title='bbox 994 2311 1125 2351; x_wconf 89' lang='lat' dir='ltr'>lectio</span> <span class='ocrx_word' id='word_1_272' title='bbox 1156 2312 1217 2350; x_wconf 91' lang='lat' dir='ltr'>sit</span> <span class='ocrx_word' id='word_1_273' title='bbox 1246 2309 1332 2349; x_wconf 87' lang='grc' dir='ltr'>τὸν</span> <span class='ocrx_word' id='word_1_274' title='bbox 1361 2309 1539 2362; x_wconf 76' lang='grc' dir='ltr'><strong><em>γόνον,</em></strong></span> <span class='ocrx_word' id='word_1_275' title='bbox 1570 2311 1666 2350; x_wconf 91' lang='lat' dir='ltr'>coll.</span> <span class='ocrx_word' id='word_1_276' title='bbox 1699 2311 1966 2361; x_wconf 87' lang='lat' dir='ltr'>Hegemonis</span> 
     </span>
     <span class='ocr_line' id='line_1_31' title="bbox 266 2377 866 2428; baseline -0.003 -10"><span class='ocrx_word' id='word_1_277' title='bbox 266 2377 318 2418; x_wconf 80' lang='lat' dir='ltr'>fr.</span> <span class='ocrx_word' id='word_1_278' title='bbox 354 2379 392 2428; x_wconf 94' lang='lat'>1,</span> <span class='ocrx_word' id='word_1_279' title='bbox 427 2378 471 2427; x_wconf 88' lang='lat'>2,</span> <span class='ocrx_word' id='word_1_280' title='bbox 505 2377 579 2417; x_wconf 91' lang='lat' dir='ltr'>ubi</span> <span class='ocrx_word' id='word_1_281' title='bbox 610 2377 697 2417; x_wconf 88' lang='lat' dir='ltr'>vid.</span> <span class='ocrx_word' id='word_1_282' title='bbox 731 2377 866 2417; x_wconf 87' lang='lat' dir='ltr'>Kock.</span> 
     </span>
    </p>

    <p class='ocr_par' dir='ltr' id='par_1_12' title="bbox 206 2438 1964 2627">
     <span class='ocr_line' id='line_1_32' title="bbox 206 2438 1964 2496; baseline 0.001 -12"><span class='ocrx_word' id='word_1_283' title='bbox 206 2444 275 2484; x_wconf 89' lang='lat' dir='ltr'>Fr.</span> <span class='ocrx_word' id='word_1_284' title='bbox 303 2445 373 2484; x_wconf 87' lang='lat'>29.</span> <span class='ocrx_word' id='word_1_285' title='bbox 407 2445 509 2484; x_wconf 87' lang='lat' dir='ltr'>Sine</span> <span class='ocrx_word' id='word_1_286' title='bbox 540 2454 676 2484; x_wconf 89' lang='lat' dir='ltr'>causa</span> <span class='ocrx_word' id='word_1_287' title='bbox 705 2438 854 2495; x_wconf 81' lang='grc' dir='ltr'><strong><em>ὦνδρες</em></strong></span> <span class='ocrx_word' id='word_1_288' title='bbox 894 2445 958 2484; x_wconf 92' lang='lat' dir='ltr'>Bl.</span> <span class='ocrx_word' id='word_1_289' title='bbox 1001 2445 1051 2484; x_wconf 92' lang='lat' dir='ltr'>In</span> <span class='ocrx_word' id='word_1_290' title='bbox 1093 2445 1296 2484; x_wconf 89' lang='lat' dir='ltr'>vocativo</span> <span class='ocrx_word' id='word_1_291' title='bbox 1329 2445 1425 2483; x_wconf 90' lang='lat' dir='ltr'>sine</span> <span class='ocrx_word' id='word_1_292' title='bbox 1455 2444 1707 2485; x_wconf 87' lang='lat' dir='ltr'>discrimine</span> <span class='ocrx_word' id='word_1_293' title='bbox 1738 2440 1769 2484; x_wconf 82' lang='grc' dir='ltr'><strong>ὦ</strong></span> <span class='ocrx_word' id='word_1_294' title='bbox 1799 2447 1964 2496; x_wconf 89' lang='lat' dir='ltr'>passim</span> 
     </span>
     <span class='ocr_line' id='line_1_33' title="bbox 265 2511 1963 2563; baseline 0.001 -12"><span class='ocrx_word' id='word_1_295' title='bbox 265 2511 440 2552; x_wconf 83' lang='lat' dir='ltr'>additur</span> <span class='ocrx_word' id='word_1_296' title='bbox 485 2513 562 2550; x_wconf 88' lang='lat' dir='ltr'>aut</span> <span class='ocrx_word' id='word_1_297' title='bbox 606 2511 841 2551; x_wconf 88' lang='lat' dir='ltr'>omittitur.</span> <span class='ocrx_word' id='word_1_298' title='bbox 889 2511 1080 2551; x_wconf 86' lang='lat' dir='ltr'>Posthac</span> <span class='ocrx_word' id='word_1_299' title='bbox 1126 2511 1333 2562; x_wconf 88' lang='lat' dir='ltr'>eandem,</span> <span class='ocrx_word' id='word_1_300' title='bbox 1391 2521 1523 2559; x_wconf 86' lang='lat' dir='ltr'>quam</span> <span class='ocrx_word' id='word_1_301' title='bbox 1569 2521 1699 2561; x_wconf 85' lang='lat' dir='ltr'>saepe</span> <span class='ocrx_word' id='word_1_302' title='bbox 1744 2514 1963 2563; x_wconf 86' lang='lat' dir='ltr'>proponit,</span> 
     </span>
     <span class='ocr_line' id='line_1_34' title="bbox 265 2577 842 2627; baseline -0.003 -8"><span class='ocrx_word' id='word_1_303' title='bbox 265 2579 563 2619; x_wconf 85' lang='lat' dir='ltr'>coniecturam</span> <span class='ocrx_word' id='word_1_304' title='bbox 595 2577 842 2627; x_wconf 88' lang='lat' dir='ltr'>neglegam.</span> 
     </span>
    </p>

    <p class='ocr_par' dir='ltr' id='par_1_13' title="bbox 206 2644 1968 2897">
     <span class='ocr_line' id='line_1_35' title="bbox 206 2644 1967 2687; baseline 0.001 -2"><span class='ocrx_word' id='word_1_305' title='bbox 206 2646 276 2686; x_wconf 92' lang='lat' dir='ltr'>Fr.</span> <span class='ocrx_word' id='word_1_306' title='bbox 308 2647 377 2685; x_wconf 83' lang='lat'>33.</span> <span class='ocrx_word' id='word_1_307' title='bbox 420 2645 603 2684; x_wconf 88' lang='lat' dir='ltr'>Frustra</span> <span class='ocrx_word' id='word_1_308' title='bbox 643 2644 889 2684; x_wconf 87' lang='lat' dir='ltr'>inserendis</span> <span class='ocrx_word' id='word_1_309' title='bbox 932 2645 1154 2685; x_wconf 88' lang='lat' dir='ltr'>vocabulis</span> <span class='ocrx_word' id='word_1_310' title='bbox 1195 2645 1249 2684; x_wconf 92' lang='lat' dir='ltr'>ad</span> <span class='ocrx_word' id='word_1_311' title='bbox 1290 2645 1518 2684; x_wconf 87' lang='lat' dir='ltr'>trimetros</span> <span class='ocrx_word' id='word_1_312' title='bbox 1556 2645 1637 2685; x_wconf 86' lang='lat' dir='ltr'>hos</span> <span class='ocrx_word' id='word_1_313' title='bbox 1682 2647 1967 2687; x_wconf 89' lang='lat' dir='ltr'>tetrametros</span> 
     </span>
     <span class='ocr_line' id='line_1_36' title="bbox 264 2712 1968 2762; baseline 0.001 -9"><span class='ocrx_word' id='word_1_314' title='bbox 264 2715 442 2753; x_wconf 84' lang='lat' dir='ltr'>revocat</span> <span class='ocrx_word' id='word_1_315' title='bbox 481 2712 545 2752; x_wconf 92' lang='lat' dir='ltr'>Bl.</span> <span class='ocrx_word' id='word_1_316' title='bbox 591 2712 757 2761; x_wconf 84' lang='lat' dir='ltr'>„Penes</span> <span class='ocrx_word' id='word_1_317' title='bbox 798 2712 929 2752; x_wconf 91' lang='lat' dir='ltr'>deum</span> <span class='ocrx_word' id='word_1_318' title='bbox 970 2713 1121 2752; x_wconf 89' lang='lat' dir='ltr'>omnia</span> <span class='ocrx_word' id='word_1_319' title='bbox 1160 2713 1286 2752; x_wconf 86' lang='lat' dir='ltr'>esse”</span> <span class='ocrx_word' id='word_1_320' title='bbox 1327 2712 1523 2762; x_wconf 90' lang='lat' dir='ltr'>populari</span> <span class='ocrx_word' id='word_1_321' title='bbox 1560 2713 1787 2762; x_wconf 87' lang='lat' dir='ltr'>proverbio</span> <span class='ocrx_word' id='word_1_322' title='bbox 1818 2714 1968 2754; x_wconf 88' lang='lat' dir='ltr'>dicunt</span> 
     </span>
     <span class='ocr_line' id='line_1_37' title="bbox 263 2779 1967 2822; baseline 0 -1"><span class='ocrx_word' id='word_1_323' title='bbox 263 2781 499 2821; x_wconf 84' lang='lat' dir='ltr'>nostrates.</span> <span class='ocrx_word' id='word_1_324' title='bbox 532 2779 626 2819; x_wconf 90' lang='lat' dir='ltr'>Hoc</span> <span class='ocrx_word' id='word_1_325' title='bbox 657 2789 744 2819; x_wconf 92' lang='lat' dir='ltr'>non</span> <span class='ocrx_word' id='word_1_326' title='bbox 776 2781 845 2818; x_wconf 88' lang='lat' dir='ltr'>est</span> <span class='ocrx_word' id='word_1_327' title='bbox 876 2780 1131 2820; x_wconf 89' lang='lat' dir='ltr'>emendare!</span> <span class='ocrx_word' id='word_1_328' title='bbox 1167 2780 1288 2819; x_wconf 91' lang='lat' dir='ltr'>Idem</span> <span class='ocrx_word' id='word_1_329' title='bbox 1325 2779 1442 2819; x_wconf 86' lang='lat' dir='ltr'>valet</span> <span class='ocrx_word' id='word_1_330' title='bbox 1473 2779 1524 2819; x_wconf 91' lang='lat' dir='ltr'>de</span> <span class='ocrx_word' id='word_1_331' title='bbox 1556 2780 1692 2819; x_wconf 90' lang='lat' dir='ltr'>simili</span> <span class='ocrx_word' id='word_1_332' title='bbox 1723 2782 1967 2822; x_wconf 86' lang='lat' dir='ltr'>tentamine</span> 
     </span>
     <span class='ocr_line' id='line_1_38' title="bbox 265 2846 1524 2897; baseline -0.002 -9"><span class='ocrx_word' id='word_1_333' title='bbox 265 2847 350 2888; x_wconf 92' lang='lat' dir='ltr'>loci</span> <span class='ocrx_word' id='word_1_334' title='bbox 380 2847 607 2887; x_wconf 88' lang='lat' dir='ltr'>sanissimi</span> <span class='ocrx_word' id='word_1_335' title='bbox 638 2846 816 2895; x_wconf 87' lang='lat' dir='ltr'>Lysippi</span> <span class='ocrx_word' id='word_1_336' title='bbox 849 2846 934 2892; x_wconf 87' lang='lat' dir='ltr'>(vel</span> <span class='ocrx_word' id='word_1_337' title='bbox 966 2847 1112 2897; x_wconf 89' lang='lat' dir='ltr'>potius</span> <span class='ocrx_word' id='word_1_338' title='bbox 1145 2848 1366 2897; x_wconf 89' lang='lat' dir='ltr'>Archippi)</span> <span class='ocrx_word' id='word_1_339' title='bbox 1399 2846 1450 2886; x_wconf 88' lang='lat' dir='ltr'>fr.</span> <span class='ocrx_word' id='word_1_340' title='bbox 1484 2847 1524 2886; x_wconf 87' lang='lat'>9.</span> 
     </span>
    </p>

    <p class='ocr_par' dir='ltr' id='par_1_14' title="bbox 208 2913 1966 3300">
     <span class='ocr_line' id='line_1_39' title="bbox 208 2913 1966 2965; baseline 0.001 -10"><span class='ocrx_word' id='word_1_341' title='bbox 208 2915 276 2955; x_wconf 88' lang='lat' dir='ltr'>Fr.</span> <span class='ocrx_word' id='word_1_342' title='bbox 310 2916 380 2965; x_wconf 84' lang='lat'>35,</span> <span class='ocrx_word' id='word_1_343' title='bbox 417 2916 454 2955; x_wconf 92' lang='lat'>1.</span> <span class='ocrx_word' id='word_1_344' title='bbox 494 2913 679 2965; x_wconf 81' lang='grc' dir='ltr'><strong><em>&lt;οἴμοι&gt;</em></strong></span> <span class='ocrx_word' id='word_1_345' title='bbox 714 2913 832 2961; x_wconf 84' lang='grc' dir='ltr'><strong><em>τάλας</em></strong></span> <span class='ocrx_word' id='word_1_346' title='bbox 859 2924 1008 2954; x_wconf 90' lang='lat' dir='ltr'>meum</span> <span class='ocrx_word' id='word_1_347' title='bbox 1036 2915 1191 2964; x_wconf 90' lang='lat' dir='ltr'>probat</span> <span class='ocrx_word' id='word_1_348' title='bbox 1217 2915 1304 2962; x_wconf 89' lang='lat' dir='ltr'>Bl.;</span> <span class='ocrx_word' id='word_1_349' title='bbox 1332 2913 1472 2952; x_wconf 81' lang='grc' dir='ltr'><strong><em>ἔδακεν</em></strong></span> <span class='ocrx_word' id='word_1_350' title='bbox 1498 2914 1590 2953; x_wconf 92' lang='lat' dir='ltr'>iure</span> <span class='ocrx_word' id='word_1_351' title='bbox 1615 2918 1792 2955; x_wconf 85' lang='lat' dir='ltr'>revocat</span> <span class='ocrx_word' id='word_1_352' title='bbox 1817 2916 1966 2956; x_wconf 85' lang='lat' dir='ltr'>Nauck</span> 
     </span>
     <span class='ocr_line' id='line_1_40' title="bbox 266 2979 1966 3035; baseline 0.001 -13"><span class='ocrx_word' id='word_1_353' title='bbox 266 2993 290 3022; x_wconf 91' lang='lat' dir='ltr'>e</span> <span class='ocrx_word' id='word_1_354' title='bbox 320 2982 480 3022; x_wconf 90' lang='lat' dir='ltr'>codice.</span> <span class='ocrx_word' id='word_1_355' title='bbox 516 3004 568 3010; x_wconf 96' lang='lat'>—</span> <span class='ocrx_word' id='word_1_356' title='bbox 606 2981 750 3035; x_wconf 18' lang='lat' dir='ltr'>Vs.&gt;2.</span> <span class='ocrx_word' id='word_1_357' title='bbox 801 2995 918 3031; x_wconf 84' lang='grc' dir='ltr'><strong><em>&lt;με&gt;</em></strong></span> <span class='ocrx_word' id='word_1_358' title='bbox 958 2993 1034 3031; x_wconf 90' lang='lat' dir='ltr'>pro</span> <span class='ocrx_word' id='word_1_359' title='bbox 1071 2994 1204 3028; x_wconf 88' lang='grc' dir='ltr'><strong><em>&lt;τις&gt;</em></strong></span> <span class='ocrx_word' id='word_1_360' title='bbox 1252 2991 1351 3020; x_wconf 90' lang='lat' dir='ltr'>cum</span> <span class='ocrx_word' id='word_1_361' title='bbox 1393 2979 1629 3020; x_wconf 88' lang='lat' dir='ltr'>Dindorfiio</span> <span class='ocrx_word' id='word_1_362' title='bbox 1668 2982 1733 3022; x_wconf 89' lang='lat' dir='ltr'>Bl.</span> <span class='ocrx_word' id='word_1_363' title='bbox 1771 2983 1853 3023; x_wconf 88' lang='lat' dir='ltr'>Sed</span> <span class='ocrx_word' id='word_1_364' title='bbox 1891 2985 1966 3024; x_wconf 83' lang='lat' dir='ltr'>vix</span> 
     </span>
     <span class='ocr_line' id='line_1_41' title="bbox 267 3045 1966 3100; baseline 0 -11"><span class='ocrx_word' id='word_1_365' title='bbox 267 3059 425 3089; x_wconf 79' lang='lat' dir='ltr'>sanum</span> <span class='ocrx_word' id='word_1_366' title='bbox 471 3051 540 3088; x_wconf 79' lang='lat' dir='ltr'>est</span> <span class='ocrx_word' id='word_1_367' title='bbox 585 3047 890 3100; x_wconf 80' lang='grc' dir='ltr'><strong><em>κάπέβρυξε.</em></strong></span> <span class='ocrx_word' id='word_1_368' title='bbox 936 3049 1188 3099; x_wconf 82' lang='lat' dir='ltr'>Legendum</span> <span class='ocrx_word' id='word_1_369' title='bbox 1230 3050 1335 3098; x_wconf 88' lang='lat' dir='ltr'>puto</span> <span class='ocrx_word' id='word_1_370' title='bbox 1376 3049 1427 3088; x_wconf 88' lang='lat' dir='ltr'>A.</span> <span class='ocrx_word' id='word_1_371' title='bbox 1465 3045 1599 3095; x_wconf 81' lang='grc' dir='ltr'><strong><em>ἕδακε;</em></strong></span> <span class='ocrx_word' id='word_1_372' title='bbox 1639 3047 1739 3087; x_wconf 83' lang='grc' dir='ltr'><strong><em>κατὰ</em></strong></span> <span class='ocrx_word' id='word_1_373' title='bbox 1774 3047 1846 3100; x_wconf 81' lang='grc' dir='ltr'><strong><em>μὲν</em></strong></span> <span class='ocrx_word' id='word_1_374' title='bbox 1892 3045 1966 3091; x_wconf 84' lang='grc' dir='ltr'>οὖν</span> 
     </span>
     <span class='ocr_line' id='line_1_42' title="bbox 267 3114 1966 3169; baseline 0.002 -14"><span class='ocrx_word' id='word_1_375' title='bbox 267 3115 390 3169; x_wconf 75' lang='grc' dir='ltr'><strong><em>ἔφαγε</em></strong></span> <span class='ocrx_word' id='word_1_376' title='bbox 419 3114 503 3155; x_wconf 74' lang='grc' dir='ltr'><strong><em>καὶ</em></strong></span> <span class='ocrx_word' id='word_1_377' title='bbox 534 3114 822 3167; x_wconf 80' lang='grc' dir='ltr'><strong><em>κατέβρυξέ</em></strong></span> <span class='ocrx_word' id='word_1_378' title='bbox 859 3129 1000 3167; x_wconf 84' lang='grc' dir='ltr'><strong><em>&lt;με&gt;.</em></strong></span> <span class='ocrx_word' id='word_1_379' title='bbox 1036 3138 1089 3145; x_wconf 93' lang='lat'>—-</span> <span class='ocrx_word' id='word_1_380' title='bbox 1127 3115 1202 3155; x_wconf 87' lang='lat' dir='ltr'>Vs.</span> <span class='ocrx_word' id='word_1_381' title='bbox 1231 3117 1271 3155; x_wconf 85' lang='lat'>3.</span> <span class='ocrx_word' id='word_1_382' title='bbox 1305 3114 1564 3166; x_wconf 81' lang='grc' dir='ltr'><strong><em>θεοσεχθρία,</em></strong></span> <span class='ocrx_word' id='word_1_383' title='bbox 1600 3118 1803 3164; x_wconf 84' lang='lat' dir='ltr'>quamvis</span> <span class='ocrx_word' id='word_1_384' title='bbox 1834 3129 1966 3168; x_wconf 84' lang='lat' dir='ltr'>prave</span> 
     </span>
     <span class='ocr_line' id='line_1_43' title="bbox 266 3181 1965 3233; baseline 0.002 -10"><span class='ocrx_word' id='word_1_385' title='bbox 266 3183 525 3233; x_wconf 79' lang='lat' dir='ltr'>formatum,</span> <span class='ocrx_word' id='word_1_386' title='bbox 558 3185 700 3223; x_wconf 92' lang='lat' dir='ltr'>metro</span> <span class='ocrx_word' id='word_1_387' title='bbox 731 3184 992 3233; x_wconf 89' lang='lat' dir='ltr'>postulatur,</span> <span class='ocrx_word' id='word_1_388' title='bbox 1034 3183 1249 3232; x_wconf 90' lang='lat' dir='ltr'>siquidem</span> <span class='ocrx_word' id='word_1_389' title='bbox 1281 3181 1538 3233; x_wconf 80' lang='grc' dir='ltr'><strong><em>θεοισεχθρία</em></strong></span> <span class='ocrx_word' id='word_1_390' title='bbox 1563 3182 1607 3222; x_wconf 88' lang='lat' dir='ltr'>in</span> <span class='ocrx_word' id='word_1_391' title='bbox 1633 3185 1857 3225; x_wconf 84' lang='lat' dir='ltr'>comoedia</span> <span class='ocrx_word' id='word_1_392' title='bbox 1882 3197 1965 3226; x_wconf 90' lang='lat' dir='ltr'>non</span> 
     </span>
     <span class='ocr_line' id='line_1_44' title="bbox 267 3248 1966 3300; baseline 0.001 -10"><span class='ocrx_word' id='word_1_393' title='bbox 267 3250 465 3290; x_wconf 86' lang='lat' dir='ltr'>admittit</span> <span class='ocrx_word' id='word_1_394' title='bbox 514 3250 752 3298; x_wconf 87' lang='lat' dir='ltr'>synizesin.</span> <span class='ocrx_word' id='word_1_395' title='bbox 795 3250 903 3300; x_wconf 82' lang='lat' dir='ltr'>Quia</span> <span class='ocrx_word' id='word_1_396' title='bbox 949 3252 1097 3290; x_wconf 88' lang='lat' dir='ltr'>autem</span> <span class='ocrx_word' id='word_1_397' title='bbox 1146 3251 1290 3299; x_wconf 88' lang='lat' dir='ltr'>ipsum</span> <span class='ocrx_word' id='word_1_398' title='bbox 1339 3248 1598 3289; x_wconf 87' lang='lat' dir='ltr'>vocabulum</span> <span class='ocrx_word' id='word_1_399' title='bbox 1645 3252 1791 3300; x_wconf 91' lang='lat' dir='ltr'>procul</span> <span class='ocrx_word' id='word_1_400' title='bbox 1837 3253 1966 3293; x_wconf 92' lang='lat' dir='ltr'>dubio</span> 
     </span>
    </p>
   </div>
  </div>
 </body>
</html>
