2216 3522
1129 251 1185 289 36

278 378 346 418 Fr.
379 378 448 418 29.
585 373 717 426 ὀσφὺν
748 371 784 415 δ’
820 373 868 423 ἐξ
900 373 1071 427 ἄκρων
1103 372 1375 426 διακίγκλισον
1409 369 1503 423 ἠύτε
1533 370 1698 424 κίγκλου

586 441 732 495 ἀνδρὸς
762 443 998 495 πρεσβύτου·
1030 439 1171 481 τελέειν
1203 437 1240 479 δ’
1275 438 1440 492 ἀγαθὴν
1471 437 1677 490 ἐπαοιδήν.

335 511 596 562 Corruptum
642 521 740 551 esse
782 508 821 558 ἐξ
860 507 994 561 ἄκρων
1039 509 1262 550 intellexit
1302 508 1443 558 Kock,
1491 508 1569 548 sed
1617 506 1728 557 quod
1770 505 1957 546 coniecit
1995 501 2035 552 ἐξ

335 577 472 631 ἁρμῶν
504 574 580 625 (εἶτ’
614 576 740 628 ἄκραν
772 577 854 623 Bl.)
886 588 1039 627 parum
1073 576 1302 617 commode
1333 576 1536 625 coniungi
1569 574 1740 615 videtur
1771 583 1872 614 cum
1902 571 2036 613 verbo

336 646 628 698 διακιγκλίξειν,
658 646 685 685 i.
717 655 755 686 Θ.
789 644 1001 695 διακινεῖν,
1031 639 1077 684 et‘
1106 644 1250 693 magis
1281 643 1392 683 mihi
1423 643 1568 693 placet

733 709 866 760 ὀσφὺν
898 709 952 751 δὲ
994 709 1155 763 ξηρὰν
1186 712 1279 757 (aut
1309 708 1498 762 σκληρὰν)
1528 707 1604 749 mi.

276 782 343 822 Fr.
375 783 445 822 31.
479 781 680 821 Fortasse
711 779 1000 829 supplendum
1033 789 1150 829 esse,
1183 778 1294 828 quod
1323 788 1454 828 saepe
1484 777 1681 827 iungitur
1708 786 1807 817 cum
1833 773 2036 816 formulis

335 845 401 899 ἀφ’
436 843 484 888 οὗ
516 850 560 889 et
591 846 630 895 ἐξ
662 842 710 887 οὗ
741 849 788 888 et
818 844 897 886 ἀπὸ
929 845 999 893 (ἐκ)
1031 846 1194 896 τούτου,

458 913 663 963 <εὗθὺς>
694 910 762 964 ἀφ’
796 909 845 954 οὗ
876 912 1112 970 κωμῳδικὸν
1138 915 1427 965 μορμολυκεῖον
1457 910 1584 966 ἔγνων

334 985 423 1024 iam
468 983 655 1023 antehac
701 982 851 1022 monui
892 984 937 1022 et
979 982 1022 1021 in
1061 981 1112 1021 fr.
1146 982 1201 1021 36
1241 980 1536 1030 reponendam
1577 989 1676 1020 esse
1715 979 1906 1020 formam
1936 978 2035 1019 atti·

336 1063 432 1093 cam
474 1049 655 1100 ἀνακνῆν
696 1060 773 1099 pro
814 1049 1087 1089 hellenistica
1128 1046 1320 1087 ἀνακνᾶν.
1361 1048 1424 1088 Bl.
1459 1047 1532 1088 cst.
1566 1045 1881 1086 ἀνακναδάλλειν
1913 1044 2034 1086 Com.

334 1120 481 1169 adesp.
514 1119 615 1159 934.

276 1187 342 1227 Fr.
374 1187 444 1237 40,
479 1187 518 1226 2.
552 1186 728 1226 Gratius
759 1185 812 1225 ad
844 1195 997 1225 aurem
1030 1185 1247 1225 accideret
1283 1194 1438 1224 versus
1472 1184 1539 1223 sic
1570 1181 1749 1223 refictus
1778 1179 1958 1222 κλέπτειν
1987 1178 2036 1220 τὰ

333 1252 449 1293 κοινὰ
479 1252 563 1292 καὶ
593 1257 684 1302 (pro
716 1252 797 1303 ἅμα
828 1256 880 1299 τε)
913 1255 1193 1303 συκοφαντεῖν.
1225 1252 1314 1292 Nec
1343 1254 1497 1292 tamen
1528 1252 1668 1291 muto.

276 1321 342 1361 Fr.
375 1321 480 1361 405.
514 1321 617 1361 Lex.
651 1321 947 1361 Sabbaiticum
978 1331 1018 1370 p.
1052 1321 1079 1360 9
1109 1318 1291 1372 ἐμβαλὼν
1323 1317 1560 1371 ἀχηνίαν.
1591 1317 1654 1358 Cf.
1686 1317 1738 1357 fr.
1772 1317 1842 1357 20.

275 1389 343 1429 Fr.
375 1390 446 1429 44.
566 1384 668 1427 τοῦτ’
702 1385 801 1427 αὐτὸ
831 1387 1056 1439 πράττω,
1087 1383 1152 1427 δύ’
1188 1384 1318 1439 ὀβολὼ
1349 1385 1417 1426 καὶ
1447 1386 1652 1437 σύμβολον

569 1454 650 1495 ὑπὸ
680 1462 732 1511 τῷ
759 1451 1001 1511 ’πικλίντρῳ
1035 1456 1067 1493 Β
1097 1460 1183 1506 μῶν
1214 1469 1271 1502 τις
1302 1450 1384 1494 αὔτ’
1420 1451 1616 1501 &veliam

333 1524 494 1564 Parum
526 1523 689 1563 arridet
718 1522 939 1573 Blaydesii
971 1523 1082 1563 coni.
1116 1518 1197 1561 αὔτ’
1228 1520 1385 1573 ἔκρυψα
1416 1517 1481 1561 δύ’
1516 1518 1611 1571 uvi„
1641 1530 1726 1570 quo
1759 1519 1925 1570 scripto
1954 1518 2038 1560 sal·

332 1593 424 1631 tem
467 1590 599 1631 simul
642 1591 839 1631 conicere
881 1590 1091 1630 debuerat
1130 1586 1293 1629 ταῦτ’.
1337 1589 1423 1629 Fac
1464 1590 1614 1629 autem
1658 1589 1776 1628 recte
1821 1585 2037 1630 Kookium

333 1660 528 1698 statuere
558 1658 602 1698 in
634 1659 904 1708 praegressis
934 1658 968 1698 B
1000 1658 1166 1698 dixisse
1208 1656 1310 1708 ζήτει
1351 1656 1422 1697 vel
1462 1654 1604 1707 ἐρεύνα
1636 1654 1694 1703 (τὸ
1724 1653 1951 1707 ἀργύριον),
1982 1664 2039 1695 ne

334 1727 397 1766 sic
426 1726 602 1775 quidem
632 1726 940 1775 percommoda
981 1727 1050 1765 est
1088 1725 1442 1765 accusativorum
1479 1723 1726 1774 explicatio.
1763 1722 1875 1765 Vide
1904 1722 2041 1772 igitur

334 1804 388 1833 ne
419 1793 573 1845 πράττω
605 1794 664 1833 sit
696 1794 1164 1843 interpretamentum,
1197 1803 1283 1842 quo
1315 1792 1476 1842 deleto,
1508 1790 1810 1832 scribendum:

510 1857 607 1900 τοῦτ’
647 1855 748 1899 αὔτ’·
787 1868 867 1901 (V.
896 1870 933 1900 c.
965 1859 1095 1911 ἔθηκα
1129 1860 1198 1900 vel
1230 1858 1426 1911 ἔκρυψα)
1463 1855 1526 1899 δύ’
1562 1856 1691 1910 ὀβολὼ
1721 1855 1797 1898 nti.

335 1929 444 1968 Hoc
490 1929 670 1978 ipsum
714 1930 798 1974 (est
838 1928 951 1977 quod
992 1928 1135 1976 dicis);
1179 1929 1260 1967 etc.
1303 1927 1429 1968 Alter
1470 1926 1658 1967 fortasse
1689 1926 1863 1966 dixerat
1900 1925 2033 1966 Num

334 1997 638 2046 perdidisti
678 1996 1007 2045 pecuniam?
1047 1997 1125 2035 aut
1167 1995 1328 2044 aliquid
1369 1994 1531 2034 simile.
1573 1993 1779 2034 Ceterum
1813 2002 2034 2044 compare·

332 2067 404 2105 tur
443 2074 543 2104 cum
584 2063 748 2103 tradita
778 2063 964 2103 lectione
995 2065 1126 2103 notus
1158 2062 1324 2102 Cratini
1364 2061 1629 2102 versiculus:
1666 2056 1811 2112 ,Ταῦτ’
1851 2058 2030 2103 <abab

332 2131 516 2183 nonin&
563 2126 632 2170 εἶπ’
677 2128 779 2182 ἀνὴρ
820 2127 941 2170 οὐδὲν
987 2136 1127 2170 ποιῶν.
1164 2152 1215 2158 -
1250 2130 1323 2170 VS.
1367 2130 1407 2170 2.
1450 2129 1643 2178 ἀνείλετο,
1682 2138 1760 2179 pro
1798 2139 1885 2178 quo
1923 2127 2033 2170 olim

331 2199 587 2249 suspicabar
625 2196 804 2247 ἀφείλετο
842 2198 912 2238 vel
943 2196 1143 2248 ὑφείλετο,
1174 2208 1260 2238 non
1292 2198 1465 2238 videtur
1490 2196 1831 2238 sollicitandum.

275 2267 342 2307 Fr.
375 2269 444 2307 46.
477 2262 562 2315 μάλ’
596 2259 652 2305 εὖ.
685 2266 749 2306 Bl.
781 2266 855 2306 cst.
888 2266 1080 2316 Theogn.
1115 2266 1224 2315 52o;
1267 2266 1446 2306 Theocr.
1480 2265 1625 2305 XXIV
1656 2265 1736 2313 93;
1779 2266 1825 2304 et
1854 2257 1899 2304 εὖ
1929 2262 2035 2315 μάλα

334 2334 495 2374 Cratin.
529 2334 637 2382 275;
669 2333 794 2374 Alex.
833 2333 928 2383 186,
959 2335 998 2373 6.
1029 2333 1193 2383 Quibus
1219 2333 1328 2373 locis
1352 2332 1483 2373 multi
1506 2318 1823 2383 addi‘possunt.
1847 2331 2036 2382 Respon-

332 2402 405 2441 det
443 2401 633 2441 formula
673 2401 877 2441 adverbio
914 2403 1066 2442 nostro
1107 2401 1254 2441 flink
1295 2403 1341 2442 et
1371 2401 1519 2442 nescio
1550 2411 1606 2441 an
1637 2401 1707 2441 hic
1737 2409 1927 2452 quoque,
1959 2399 2035 2441 ubi

332 2464 415 2517 μάλ’
451 2462 504 2507 αὖ
536 2479 559 2509 e
591 2469 822 2509 Fritzschii
853 2469 964 2509 coni.
997 2469 1224 2518 rescripsit
1243 2467 1394 2518 'Kock,
1429 2470 1547 2509 recte
1577 2468 1746 2509 servari
1775 2467 1930 2518 possit.

275 2537 339 2576 Fr.
374 2537 443 2576 47.
487 2536 569 2575 Pro
601 2535 745 2586 ὅρμου,
786 2536 883 2576 coll.
921 2535 1104 2576 Platone
1135 2536 1239 2586 Rep.
1274 2537 1360 2576 420
1393 2536 1445 2585 B,
1479 2535 1583 2576 olim
1615 2535 1845 2577 tentabam
1876 2533 2034 2586 οἶμον

333 2619 387 2635 --
406 2601 523 2651 ὁδοῦ,
563 2613 678 2643 nunc
718 2594 1061 2659 Bl.({violentius
1093 2600 1191 2643 ὁδοῦ
1223 2605 1451 2654 παρούσης,
1481 2603 1595 2653 quod
1626 2605 1745 2644 certe
1775 2602 1960 2644 Photius
1989 2603 2036 2643 et

332 2671 487 2711 Suidas
518 2681 603 2710 non
635 2662 848 2720 legerunt.
885 2670 1098 2720 Quidquid
1129 2673 1216 2721 est,
1250 2680 1406 2722 parum
1438 2670 1621 2719 arridet,
1652 2669 1766 2720 quod
1796 2669 1881 2721 ipsi
1910 2668 2033 2711 ridi·

333 2738 515 2777 culum
563 2738 746 2786 videtur,
804 2738 913 2777 mihi
969 2737 1290 2787 absurdum,
1335 2737 1490 2778 Kockii
1536 2737 1769 2778 inventum
1816 2740 2033 2789 φορμοῦ.

333 2804 450 2844 Meae
481 2805 756 2845 coniecturae
787 2804 952 2853 obstat,
986 2804 1099 2853 quod
1126 2814 1212 2844 uno
1239 2804 1314 2844 illo
1340 2803 1538 2862 Platonis
1563 2803 1658 2844 loco
1683 2805 1865 2854 excepto
1888 2805 2034 2854 (quem
2068 2799 2073 2802 ’

332 2872 633 2921 corrigendum
676 2874 803 2922 putat
833 2872 932 2921 BL),
976 2871 1089 2921 apud
1131 2873 1304 2912 Atticos
1350 2866 1463 2922 οἶμος
1504 2873 1574 2911 est
1609 2871 1784 2921 generis
1812 2870 2033 2922 feminini,

333 2949 464 2987 quare
506 2939 692 2979 sortasse
732 2939 848 2979 aliud
891 2939 1013 2980 latet.
1050 2961 1103 2969 —
1136 2939 1200 2979 Bl.
1244 2938 1590 2989 improbabiliter
1629 2937 1685 2986 εἰς
1725 2935 1906 2990 ἀτραπὸν
1939 2934 2034 2977 ἀπε-

332 3005 509 3056 φθάρην,
557 3008 667 3055 Apte
713 3007 786 3047 cst.
834 3006 1081 3046 Ennianum
1132 3006 1239 3056 „Qui
1278 3005 1363 3046 sibi
1410 3006 1680 3046 semitam·
1721 3014 1809 3046 non
1854 3005 2034 3056 sapiunt

333 3072 456 3112 alteri
488 3076 739 3113 monstrant
771 3073 960 3113 viam‘·.
995 3073 1098 3113 Sine
1130 3082 1265 3113 causa
1297 3074 1367 3122 51,
1402 3073 1427 3112 2
1461 3072 1579 3113 idem
1610 3069 1636 3124 ἢ
1668 3082 1747 3123 pro
1776 3070 1855 3112 καὶ.

276 3139 341 3178 Fr.
375 3141 429 3179 55
462 3142 505 3179 et
537 3142 605 3180 65.
640 3141 820 3180 Formas
851 3141 1010 3181 atticas
1040 3142 1085 3181 et
1115 3141 1319 3190 antiquas
1350 3139 1551 3192 σφόγγους
1578 3141 1623 3180 et
1648 3138 1775 3179 εἰτέαν
1799 3140 2031 3182 restituen-

332 3210 410 3245 das
454 3216 551 3247 esse
598 3209 686 3247 iam
723 3209 909 3248 antehac
947 3208 1116 3258 monui,
1159 3208 1276 3248 alcut
1315 3208 1450 3248 etiam
1483 3208 1535 3248 rr.
1569 3207 1624 3247 68
1667 3217 1740 3248 me
1770 3205 1905 3248 malle
1934 3202 2032 3259 ἡμῖν

332 3283 406 3322 pro
432 3270 543 3323 ἡμῶν
575 3276 619 3313 et
651 3274 707 3313 ibi
735 3276 777 3314 in
809 3275 859 3315 fr.
892 3275 1058 3325 adesp.,
1091 3285 1223 3325 quem
1256 3276 1310 3315 ad
1343 3276 1600 3326 Anagyrum
1627 3274 1844 3315 referebat
1868 3272 2030 3325 Bergk,
