2216 3522
1078 200 1161 241 184

296 337 395 367 care
440 336 526 367 non
568 335 814 375 monerem,
857 324 942 364 nisi
989 324 1186 364 viderem
1217 324 1282 365 Bl.
1325 334 1564 375 proponere
1610 322 1761 375 ἑστίαν,
1800 333 1878 375 pro
1918 333 2003 374 quo

295 393 456 434 saltem
497 391 670 433 ἑστίασιν
711 391 1017 441 requireretur.
1064 391 1209 431 Etiam
1255 391 1301 431 in
1347 401 1414 433 vs.
1456 392 1482 432 2
1529 389 1855 442 ἐπαναπλάττων,
1898 390 2004 432 licet

296 461 411 502 idem
443 472 529 502 non
560 460 808 510 intellegat,
841 459 943 508 quid
974 458 1057 498 sibi
1089 459 1196 499 velit
1227 458 1339 499 satis
1371 459 1540 500 clarum
1573 469 1671 500 esse
1703 458 1902 499 arbitror.

238 529 305 569 Fr.
338 532 378 579 9,
412 529 451 569 2.
485 527 732 574 ἀπέκτανε(ν)
764 526 860 576 lege
892 536 992 566 cum
1024 526 1089 566 Bl.
1133 525 1331 566 Perfecto
1363 523 1593 573 (κάπέκτονε
1625 525 1760 574 Kock)
1791 526 2000 567 indicare·

297 598 368 636 tur
408 596 675 645 Meleagrum
706 594 848 634 adhuc
879 593 1046 644 vivere,
1079 593 1194 643 quod
1225 593 1482 645 absurdum,
1522 595 1568 634 et
1598 594 1788 634 traditur
1816 593 2004 644 κάκτανε,

294 663 372 703 sed
405 664 479 703 vix
510 664 627 703 recte
652 661 716 702 Bl.
744 661 854 701 ὕειον
885 662 985 711 post
1015 660 1280 701 Lobeckium
1313 662 1358 701 et
1387 661 1631 702 Nauckium
1663 660 1864 711 requirit,
1895 669 2001 701 nam

295 729 430 770 ὑεικόν
475 731 647 779 praeter
693 728 1084 778 grammaticorum
1133 728 1391 769 testimonia
1435 730 1585 769 tuetur
1625 728 1812 778 analoga
1859 727 2003 768 torma

295 796 462 849 βοεικός.
499 797 661 837 Contra
692 794 825 846 ὀρικός
856 796 1115 846 plerumque
1146 796 1335 836 traditur
1366 806 1443 846 pro
1475 793 1646 848 ὀρεικός,
1683 795 1797 845 quod
1826 795 2004 846 propter

294 865 510 915 originem
550 876 573 905 e
612 864 757 905 radice
798 863 865 914 ὄῑιῖ
906 863 1078 904 videtur
1118 864 1434 904 necessarium.
1475 886 1518 892 —
1556 864 1739 905 Temere
1771 863 1889 904 idem
1919 862 2001 903 sol-

299 926 443 966 licitat
474 935 539 965 vs.
577 926 613 964 1.

238 1023 433 1069 Diodori
464 1025 517 1065 fr.
555 1028 590 1065 1.
632 1024 798 1064 Iniuria
837 1023 901 1063 Bl.
935 1025 1114 1064 revocat
1145 1023 1242 1079 πίνῃ
1284 1024 1515 1071 (Naekium
1547 1035 1648 1065 cum
1679 1022 1876 1063 Nauckio
1906 1032 2002 1063 con·

294 1093 513 1143 fundens),
562 1091 728 1141 reliqua
773 1090 890 1133 male
936 1091 1130 1131 tentans.
1188 1091 1451 1132 Rectissime
1497 1091 1643 1133 locum
1690 1090 2006 1140 interpretatur

296 1160 437 1210 Kock‚
479 1160 554 1208 qui
585 1158 725 1209 locus,
769 1158 966 1198 admissa
1012 1158 1283 1199 correctione
1330 1169 1432 1199 mea
1475 1158 1605 1199 πίνων
1643 1157 1688 1198 τὸ
1728 1156 1871 1198 λοιπὸν
1910 1155 2004 1205 τοὺς

296 1227 508 1280 λογισμοὺς
539 1225 681 1278 ἐξεμεῖ,
720 1228 789 1266 est
820 1226 1102 1266 sanissimus.
1127 1248 1181 1256 —
1209 1226 1284 1267 Vs.
1323 1228 1360 1267 1.
1401 1225 1463 1266 ἀεὶ
1488 1249 1547 1256 -
1578 1224 1786 1278 ἐνδελεχῶς
1815 1226 1867 1266 ut
1897 1221 2005 1265 ἐνδε-

296 1298 414 1348 λεχῶς
444 1318 496 1325 —-
524 1293 585 1334 ἀεὶ
617 1294 817 1334 Menand.
852 1294 952 1344 521,
986 1294 1013 1333 3
1046 1293 1156 1342 (BL).

240 1363 307 1404 Fr.
342 1364 381 1415 2,
416 1364 456 1404 8.
638 1359 725 1414 οὐχὶ
759 1361 966 1413 διακρίνας
998 1359 1071 1412 τὴν
1101 1359 1292 1414 πενιχρὰν
1322 1359 1349 1414 ἢ
1381 1361 1589 1402 πλουσίαν.

297 1431 362 1471 Bl.
394 1428 461 1470 καὶ
491 1429 688 1470 πλουσίαν
720 1429 925 1479 coniecit,
953 1428 1030 1468 sed
1055 1429 1119 1469 ita
1145 1439 1314 1479 quoque
1341 1429 1503 1480 duplici
1529 1440 1638 1480 opus
1663 1429 1777 1470 foret
1798 1427 2003 1479 articulo,

298 1510 431 1548 quare
477 1498 632 1538 malim
677 1496 726 1548 δὴ
768 1507 846 1547 pro
877 1495 969 1548 τὴν,
1011 1507 1096 1545 quo
1136 1497 1254 1537 facto
1285 1494 1312 1549 ἢ
1343 1497 1513 1537 servari
1544 1498 1703 1547 potest.
1735 1518 1794 1524 —
1824 1495 1900 1537 Vs.
1935 1497 2003 1537 11.

299 1567 421 1607 Idem
464 1576 640 1607 mecum
682 1562 931 1612 κατακλινεὶς
966 1563 1128 1607 <καὶ>.
1173 1587 1226 1594 -
1259 1565 1334 1605 νε.
1367 1565 1438 1606 30.
1482 1565 1666 1606 Temere
1706 1564 1771 1605 Bl.
1807 1565 1937 1612 καλῶς
1966 1577 2007 1604 τε

298 1634 519 1688 γεγονότας.
573 1634 748 1684 Optime
788 1643 836 1673 se
873 1632 1007 1673 habet
1048 1632 1251 1683 vulgata,
1295 1634 1574 1683 opponuntur
1605 1632 1723 1673 enim
1754 1630 2008 1672 hominibus

298 1702 412 1752 frugi
438 1704 533 1749 (τοῖς
560 1705 688 1749 καλῶς
715 1699 943 1753 βεβιωκόσι)
969 1701 1173 1740 homines
1198 1710 1390 1750 nequam
1416 1702 1462 1740 et
1488 1700 1754 1741 adulatores.
1774 1722 1828 1728 —
1846 1698 1920 1740 Vs.
1948 1699 2004 1740 35

300 1771 345 1809 et
376 1770 432 1809 38
465 1770 582 1809 recte
613 1779 662 1809 se
694 1768 875 1819 habent,
908 1769 960 1807 ut
990 1767 1223 1808 constituit
1247 1768 1388 1819 Kock‚
1422 1767 1538 1808 male
1563 1768 1893 1818 impugnatusa
1923 1766 2006 1817 131„

298 1838 370 1886 qui
402 1847 629 1887 perperam
663 1846 729 1877 ve.
763 1837 818 1876 37
851 1831 987 1886 ἔφασκ’
1023 1836 1068 1875 et
1098 1845 1164 1876 vs.
1198 1836 1254 1875 39
1287 1831 1406 1875 ἐδεῖθ’
1441 1835 1636 1885 requirit.
1665 1857 1719 1863 —
1752 1834 1827 1875 Vs.
1859 1835 1931 1876 41.

626 1902 694 1943 διὰ
724 1902 817 1951 τοὺς
848 1902 1056 1950 τοιούτους
1086 1902 1180 1951 τοὺς
1212 1900 1385 1956 ἀσελγῶς
1415 1900 1646 1956 χρωμένους

625 1970 669 2011 τὸ
699 1971 829 2023 τίμιον
859 1969 947 2011 καὶ
978 1970 1030 2011 τὸ
1060 1970 1222 2011 καλὸν
1253 1971 1417 2025 αἰσχρόν
1448 1970 1528 2012 ἐστι
1560 1977 1650 2011 νῦν.

298 2039 341 2079 τὸ
387 2039 518 2090 τίμιον
558 2037 624 2078 καὶ
665 2038 707 2078 τὸ
748 2038 871 2079 καλὸν
912 2040 981 2080 est
1021 2039 1208 2090 parasiti
1248 2040 1341 2080 vita
1381 2039 1488 2080 olim
1530 2038 1785 2091 honorifica,
1829 2039 1882 2081 de
1922 2048 2008 2089 qua

300 2118 364 2148 vs.
399 2109 456 2148 20
488 2108 683 2148 dixerat:

624 2168 676 2226 ἧν
707 2173 749 2214 τὸ
782 2170 922 2227 πρᾶγμ’
959 2172 1180 2223 ἔνδοξον
1212 2172 1274 2214 ἀεὶ
1304 2173 1390 2214 καὶ
1421 2174 1602 2227 καλόν,

299 2243 376 2284 sed
408 2245 456 2283 ut
488 2242 596 2293 illic,
633 2243 704 2283 hic
735 2243 827 2283 iure
859 2244 1119 2293 expectatur
1151 2253 1265 2284 unus
1295 2243 1525 2300 articulus,
1559 2254 1692 2294 quare
1722 2243 1878 2285 malim
1909 2244 2005 2285 aut:

625 2310 668 2350 τὸ
697 2310 828 2362 τίμιον
859 2310 983 2350 καλόν
1014 2307 1041 2350 τ’
1077 2308 1126 2349 ὃν
1156 2309 1321 2363 αἰσχρόν
1347 2309 1426 2351 ἐστι
1457 2317 1547 2352 νῦν.

300 2380 399 2418 aut:
432 2375 454 2418 ὃ
487 2378 617 2429 τίμιον
648 2378 771 2418 καλόν
802 2374 831 2417 τ’
866 2371 937 2430 ἦν,
968 2376 1133 2431 αἰσχρόν
1165 2376 1248 2418 ἐστί
1275 2383 1365 2419 νῦν.

243 2486 460 2540 Dionysii
501 2475 553 2528 fr.
596 2489 635 2538 2,
672 2490 710 2528 5.
750 2488 814 2529 Bl.
856 2486 1018 2543 ἐπιζητῇ
1062 2487 1130 2528 vel
1174 2485 1383 2543 ἐρευνήσῃ.
1424 2511 1478 2518 -
1511 2488 1587 2529 νε.
1624 2490 1690 2529 14.
1726 2486 1773 2532 ,δέ
1803 2484 1834 2541 γ’
1869 2487 2008 2541 ἅτερος

300 2555 431 2594 idem.
467 2577 519 2583 -
549 2554 622 2595 Vs.
656 2557 722 2595 19.
749 2555 869 2595 πάλιν
900 2557 1156 2605 suspectum
1187 2555 1331 2596 habet.
1364 2554 1482 2596 Cur?
1516 2578 1569 2585 —-
1597 2556 1672 2596 Vs.
1706 2556 1777 2597 24.
1809 2553 2009 2609 γέγραφεν

300 2624 416 2661 recte
459 2625 637 2663 revocat
673 2623 835 2663 Nauck.
870 2646 924 2652 —
957 2623 1031 2663 Vs.
1052 2624 1107 2663 29
1140 2623 1341 2673 spurium
1373 2623 1494 2664 ducit
1523 2624 1588 2664 Bl.
1618 2645 1671 2653 —
1699 2623 1775 2664 Vs.
1808 2623 1879 2664 82.
1911 2619 2008 2664 odd}

300 2690 442 2740 κύριον
475 2690 605 2730 idem.
641 2714 693 2720 —
729 2691 801 2732 Vs.
835 2692 906 2732 34.
940 2692 1106 2731 Iniuria
1136 2693 1286 2731 tuetur
1315 2689 1464 2743 τέχνης.
1497 2714 1549 2720 --
1586 2692 1660 2732 VS.
1693 2692 1765 2732 48.
1797 2690 2008 2743 θαυμάσαι

300 2757 430 2801 (iusto
472 2757 660 2798 debilius
699 2759 898 2809 verbum)
940 2759 1142 2809 proponit
1180 2758 1313 2799 idem.
1355 2758 1464 2810 Quid
1495 2759 1633 2800 lateat
1672 2758 1849 2800 difficile
1889 2758 2009 2800 dictu

302 2827 383 2864 est.
419 2847 470 2853 —
503 2825 577 2866 Vs.
620 2827 690 2866 42.
738 2825 804 2866 καὶ
845 2826 1010 2874 ναυτίας
1055 2826 1229 2867 inutilis
1270 2827 1467 2867 eiusdem
1509 2828 1578 2867 est
1618 2827 1869 2867 coniectura
1908 2827 2009 2878 post

303 2892 530 2932 Fritzschii
563 2894 807 2934 inventum.

246 2959 311 2999 Fr.
345 2960 384 2999 3.
427 2960 486 2999 De
529 2971 765 3010 coquorum
807 2962 936 3003 furtis
969 2962 1021 3002 cf.
1055 2962 1199 3002 Plauti
1233 2962 1275 3008 (i.
1309 2973 1345 3003 e.
1379 2962 1664 3009 Philemonis)
1697 2962 1910 3004 Mercator
1939 2973 2005 3004 vs.

304 3028 385 3067 741
421 3038 512 3077 sqq.
550 3051 602 3058 --
635 3029 708 3069 Vs.
746 3030 812 3070 10.
846 3029 1122 3071 coniecturis
1151 3027 1350 3085 ἐκπλύνῃς
1382 3030 1505 3071 addit
1535 3030 1600 3070 Bl.
1636 3053 1688 3060 -—
1724 3030 1797 3071 Vs.
1835 3030 1911 3071 12:

598 3096 807 3150 ἐξαιρέσεις
838 3095 903 3136 καὶ
934 3095 1055 3137 τᾶλλα
1086 3093 1295 3138 τάκόλουθ’
1331 3096 1404 3137 ὅσα

599 3161 677 3204 οὔτ’
711 3163 888 3217 ἀριθμὸν
920 3161 997 3204 οὔτ’
1033 3163 1191 3217 ἔλεγχον
1223 3161 1280 3215 ἐφ’
1316 3160 1397 3215 (ἀφ’
1433 3164 1542 3211 Bl.?)
1573 3162 1726 3206 ἑαυτῶν
1757 3163 1852 3218 ἔχει,

602 3231 892 3284 περικόμματος
924 3229 967 3272 δὲ
998 3231 1110 3280 τάξιν
1141 3229 1168 3285 ἢ
1198 3229 1354 3272 θᾶσιν
1383 3230 1507 3286 φέρει.
