2216 3522
1046 180 1126 219 195

267 297 332 336 als
377 298 690 340 wunderlich’'.
733 301 786 341 Et
816 302 930 342 unde
962 314 1122 351 quaeso
1153 304 1265 344 hanc
1302 305 1522 345 urinam
1553 307 1735 346 ciendi
1768 308 1857 348 vim
1891 312 1960 347 τοῦ

265 364 437 414 μυρίνου
479 365 594 406 οἴνου
636 370 849 408 noverat?
896 370 1015 410 Meae
1063 372 1341 421 suspicionis,
1390 383 1499 421 quae
1541 374 1696 414 nit-itur
1737 376 1963 415 simillime

266 432 529 482 Antiphanis
560 435 611 474 fr.
651 437 749 486 150,
793 437 888 477 sive
919 438 1145 487 ingeniosa
1175 441 1266 489 est,
1300 441 1348 479 ut
1377 440 1596 481 iudicabat
1627 442 1837 493 Meineke,
1870 445 1964 483 sive

265 509 354 542 non
398 503 484 551 est,
532 506 582 542 ut
628 504 791 544 Kockio
839 505 1079 556 videbatur,
1127 507 1322 546 nondum
1369 517 1440 547 me
1486 509 1697 558 poenitet,
1741 520 1821 550 nec
1866 522 1962 550 eam

266 569 436 608 mutem
467 569 758 619 Blaydesiana
789 572 962 623 διψηρὸς
988 571 1163 622 ἀτόπως,
1195 576 1297 623 quia
1325 574 1495 626 διψηρὸς
1522 578 1566 615 et
1591 575 1726 623 δίψιος
1753 578 1964 617 sitiens

266 634 534 686 significant,
568 647 653 677 non
696 639 853 679 sitim
894 641 1158 680 excitans
1200 643 1277 681 aut
1307 642 1468 681 sitim
1500 643 1890 694 restinguenS,
1925 648 1969 684 et

252 698 417 741 ’ἄτοπον
451 704 621 744 Videtur
651 704 853 754 ἀτόπως
884 708 1049 747 dictum
1081 719 1157 758 pro
1188 708 1317 759 πάνυ,
1352 708 1474 759 μάλα,
1505 709 1672 760 σφόδρα.

209 831 477 879 Damoxeni
507 838 559 877 fr.
594 839 633 888 2,
668 841 709 879 4.

592 903 742 944 τάλαντ’
779 905 852 958 ἐγώ
885 919 967 946 σοι
999 909 1382 948 κατεπύκνωσα
1414 907 1583 960 τέτταρα.

269 970 489 1020 Quomode
531 974 916 1014 condensandi
958 976 1075 1015 notio
1117 976 1160 1015 in
1204 977 1559 1026 dilapidandi
1589 978 1815 1017 notionem
1849 979 1968 1019 abire

266 1039 457 1087 potuerit
496 1050 582 1080 non
624 1042 767 1091 magis
808 1045 970 1092 exputo
1009 1054 1141 1092 quam
1181 1044 1259 1093 BL,
1294 1044 1363 1083 cui
1395 1045 1552 1084 merito
1583 1047 1788 1094 suspecta
1819 1048 1886 1085 est
1917 1057 1969 1086 ea

267 1105 409 1146 lectio.
443 1106 589 1148 Conici
620 1110 784 1158 potest:

377 1227 380 1231 .
476 1171 628 1213 τάλαντ’
664 1174 737 1228 ἐγὼ
769 1176 1150 1228 κατεσπάθησα
1181 1177 1456 1228 (κατηνάλωσα
1469 1179 1503 1224 ‘?)
1537 1176 1705 1227 τέτταρα.

267 1241 447 1279 Σπαθᾶν
496 1244 541 1282 et
587 1244 700 1293 apud
747 1245 937 1284 seriores
978 1248 1246 1283 κατασπαθᾰν
1297 1256 1346 1285 eo
1388 1255 1519 1284 sensu
1561 1246 1644 1285 dici
1687 1248 1838 1286 notum
1887 1250 1967 1287 est.

267 1307 513 1348 Pronomen
562 1321 623 1349 σοι
664 1322 931 1360 quamquam
973 1312 1075 1351 ferri
1106 1314 1268 1362 potest,
1313 1313 1382 1352 hic
1413 1323 1497 1352 non
1530 1316 1802 1363 expectatur,
1837 1325 1968 1363 quare

269 1375 426 1416 Bothio
458 1377 501 1416 in
534 1393 592 1416 τοι
624 1379 786 1419 (minus
816 1381 967 1419 tamen
998 1381 1130 1424 recte)
1163 1380 1426 1419 mutandum
1460 1381 1702 1420 videbatur.
1733 1403 1785 1409 -—
1820 1381 1893 1420 Vs.
1928 1384 1966 1421 6.

270 1442 485 1483 Headlam
516 1443 720 1493 κάκεῖνος;
752 1448 799 1484 A.
833 1445 907 1485 οὐκ
938 1442 1084 1500 ᾔδησθ’
1121 1445 1199 1493 ὅτι;
1231 1447 1406 1496 propius
1437 1447 1488 1486 ad
1520 1447 1679 1487 codicis
1706 1449 1967 1497 scripturam

268 1521 401 1560 quam
442 1513 661 1562 Hirschig.
697 1536 749 1542 —
783 1514 856 1553 Vs.
894 1515 960 1553 13.
994 1514 1126 1554 Recte
1158 1515 1374 1554 Athenaei
1407 1515 1472 1553 ed.
1505 1515 1604 1554 Bas.
1641 1515 1892 1566 Δημοκρίτου
1923 1515 1969 1554 τὰ

270 1578 399 1617 πάντα
455 1591 531 1630 pro
579 1580 828 1633 Δημόκριτόν
884 1595 922 1619 τε
968 1581 1108 1619 πάντα.
1154 1604 1207 1610 -
1251 1582 1324 1621 Vs.
1376 1583 1442 1621 14.
1491 1584 1638 1632 μᾶλλον
1686 1579 1729 1620 δὲ
1772 1579 1963 1634 κατέχοντ’

276 1644 519 1699 <ἀγνοοῦντ’
569 1646 850 1700 Ἀρχέστατον>
888 1649 1063 1698 supplet
1095 1649 1215 1698 Kock
1247 1650 1354 1689 Mus.
1386 1650 1523 1689 Rhen.
1561 1650 1672 1689 1888
1704 1661 1743 1699 p.
1777 1652 1876 1690 613.
1910 1673 1960 1677 —-

270 1714 345 1754 Vs.
383 1715 449 1755 16.
492 1715 626 1755 Recte
666 1716 782 1756 idem
825 1714 875 1754 ἐκ
907 1721 993 1767 τῆς
1027 1716 1243 1767 διατριβῆς.
1275 1738 1333 1744 -
1364 1717 1438 1756 Vs.
1475 1718 1541 1756 19.
1576 1717 1787 1756 Headlam
1822 1728 1892 1756 me
1924 1720 1967 1756 et

270 1781 435 1822 Kockio
481 1783 652 1822 felicius
698 1781 877 1822 συνιέναι
917 1794 993 1833 pro
1036 1782 1277 1834 συνειδέναι,
1323 1785 1465 1833 posito
1505 1784 1829 1833 hypostigmate
1869 1787 1968 1834 post

269 1847 381 1896 θέρει
411 1852 492 1895 (vs.
528 1850 608 1896 18).
630 1873 682 1878 —
710 1851 784 1890 Vs.
819 1851 888 1890 20.
922 1851 1004 1890 Pro
1037 1850 1160 1890 κακὸν
1192 1851 1312 1891 Kock
1345 1851 1372 1891 1.
1406 1851 1433 1890 1.
1466 1850 1591 1889 πόλου
1628 1851 1753 1899 (quod
1785 1852 1967 1891 articulo

273 1917 345 1958 vix
393 1919 564 1966 poterat
605 1921 765 1965 carere)
806 1920 883 1957 aut
920 1916 1052 1966 ἀτμῶν
1094 1918 1498 1966 (Luftstromingen)
1537 1918 1779 1966 proposuit,
1814 1928 1878 1958 vs.
1912 1919 1964 1957 31

271 1985 490 2025 coniciens
537 1982 684 2036 ἠλίβατ’
734 1984 775 2025 ἐν
832 1984 1083 2037 ἀνθρώποισι
1129 1983 1396 2036 τάλλοιώματα
1423 1986 1508 2030 (??).
1556 1984 1708 2023 Melius
1754 1985 1966 2024 Headlam

270 2051 395 2091 κακὸν
422 2055 428 2099 Ι
458 2051 655 2104 ἠλίβατον.
703 2055 744 2091 Β.
787 2047 831 2092 εὖ
872 2049 904 2105 γ’
945 2051 1145 2102 ἄνθρωπε.
1192 2055 1238 2091 A.
1270 2051 1542 2102 κάλλοιώματα
1571 2051 1576 2101 Ι
1607 2050 1648 2090 ἐν
1684 2055 1767 2099 ταῖς
1803 2055 1967 2102 τροφαῖς

272 2125 431 2158 ποιοῦσι
477 2118 570 2164 mg..
616 2131 726 2169 quae
772 2120 972 2160 sollerter
1013 2121 1264 2169 excogitata
1305 2121 1350 2159 et
1389 2120 1577 2158 fortasse
1615 2129 1718 2158 vera
1753 2121 1869 2159 sunt.
1913 2141 1965 2148 —

186 2169 346 2226 fri.
383 2188 451 2226 28.
499 2188 719 2237 Anaxippi
760 2188 811 2227 fr.
845 2188 877 2236 1,
911 2188 965 2227 47
1001 2188 1073 2226 eft.
1116 2187 1318 2235 Blaydes.
1354 2209 1405 2214 -
1440 2186 1514 2225 vs.
1558 2187 1610 2225 31
1656 2196 1719 2235 sq.
1761 2186 1867 2225 Ellis
1899 2197 1966 2235 ap.

273 2255 338 2294 Bl.
369 2255 511 2306 χυμός,
542 2253 642 2306 λέγει
670 2254 917 2306 Δημόκριτος
943 2277 998 2282 -
1018 2257 1060 2293 Β.
1087 2252 1206 2293 οὐδὲν
1237 2260 1398 2306 πρᾶγμα
1427 2252 1472 2291 τὰ
1500 2252 1505 2303 Ι
1534 2252 1758 2304 γιγνόμενα.
1791 2256 1838 2291 Α.
1865 2256 1975 2292 ποιεῖ

271 2320 340 2360 τὸν
371 2318 534 2374 φαγόντ’
569 2320 813 2372 ἀρθριτικόν.
832 2345 886 2350 -
905 2322 1117 2361 Headlam
1150 2322 1289 2361 eidem
1332 2330 1541 2370 personae
1573 2320 1679 2359 haec
1711 2321 1969 2359 continuans

273 2388 318 2428 in
363 2389 614 2439 parenthesi
646 2389 768 2438 ponit
800 2388 932 2428 verba
971 2385 1091 2426 οὐδὲν
1125 2410 1177 2416 -
1210 2387 1434 2439 γιγνόμενα.
1473 2387 1593 2426 Kock
1625 2387 1651 2426 l.
1680 2387 1707 2427 1.
1744 2387 1967 2438 „Corrupt.

274 2455 358 2496 Der
399 2456 504 2495 Sinn
545 2456 734 2495 scheint:
778 2456 854 2495 der
895 2455 1092 2495 einzelne
1135 2455 1228 2494 Saft
1269 2465 1322 2494 an
1365 2455 1458 2494 sich
1489 2456 1590 2493 thut
1623 2455 1703 2494 den
1737 2455 1966 2494 Menschen

273 2524 394 2563 nicht
440 2533 489 2563 so
535 2524 636 2563 sehr
683 2523 879 2563 Schaden
926 2523 1009 2562 wie
1056 2523 1123 2561 die
1171 2522 1397 2571 Mischung
1443 2532 1526 2561 von
1574 2522 1801 2561 mehreren
1848 2521 1970 2560 nicht

274 2590 874 2630 zusammenstimmenden”.
896 2613 947 2618 -
967 2590 1040 2629 Vs,
1060 2591 1129 2629 36.
1158 2590 1291 2628 Recte
1318 2588 1531 2628 Headlam
1559 2587 1624 2626 καὶ
1651 2594 1727 2634 πᾶς
1763 2583 1893 2639 <y’>.
1911 2609 1966 2615 -

275 2657 348 2696 VS.
384 2658 452 2697 39.
485 2658 605 2697 Kock
635 2657 663 2697 l.
695 2657 723 2696 l.
764 2653 1004 2708 πρόσπαρδ’.
1049 2658 1079 2694 Β
1112 2655 1175 2705 ἰώ,
1203 2652 1207 2706 Ι
1237 2655 1288 2701 ὥς
1330 2670 1395 2706 μοι
1428 2653 1631 2706 κέχρησαι,
1662 2655 1772 2703 quod
1808 2654 1965 2703 placet,

275 2726 320 2764 et
360 2735 424 2765 VS.
459 2726 514 2764 43
546 2723 733 2776 εὐστόχου
774 2721 867 2778 (pro
898 2723 1092 2774 εὐψύχου)
1125 2721 1269 2774 τέχνης.
1305 2745 1356 2751 -
1390 2723 1463 2762 VS.
1498 2723 1568 2761 48.
1602 2721 1812 2761 Headlam
1847 2718 1967 2771 ἁρμο-

274 2790 401 2838 νικός,
446 2790 494 2830 οὐ
540 2794 631 2841 (pro
673 2787 719 2838 εἷ)
760 2790 943 2842 μάγειρος
983 2791 1128 2830 nescio
1171 2800 1225 2828 an
1258 2791 1387 2842 recte.
1427 2811 1478 2817 —
1513 2789 1585 2828 VS.
1619 2790 1688 2828 61.
1723 2787 1808 2827 Sub
1840 2787 1968 2836 σοφόν

275 2858 438 2898 Kockio
479 2859 506 2898 l.
540 2859 566 2898 l.
613 2859 749 2898 latere
806 2858 976 2898 videtur
1023 2867 1108 2896 vox
1150 2857 1294 2905 aliqua
1336 2867 1388 2895 ex
1432 2856 1683 2894 harmonica
1724 2855 1872 2904 petita.
1913 2877 1966 2883 —

277 2925 348 2965 Vs.
382 2927 451 2966 68.
485 2926 670 2975 Blaydes
701 2921 788 2964 οὐδ’
825 2922 875 2963 ἂν
906 2923 1049 2975 ἑτέροις
1080 2923 1163 2970 (vel
1194 2921 1308 2977 ἑτέρῳ
1340 2920 1388 2974 γ’)
1420 2920 1469 2959 ἂν
1502 2922 1608 2960 δοῖεν
1640 2922 1691 2960 ob
1719 2923 1967 2970 suspectam

274 2992 375 3042 sibi,
402 2993 477 3032 sed
504 2994 547 3032 in
575 2993 655 3032 hoc
681 2994 808 3041 poeta
829 2992 1016 3031 fortasse
1033 3001 1117 3030 non
1135 2990 1490 3038 suspectandam,
1510 2989 1696 3028 formam
1716 2987 1893 3038 δοίησαν.
1914 3010 1966 3016 -

277 3059 469 3108 Denique
510 3060 630 3099 Kock
662 3059 688 3099 l.
722 3059 749 3098 l.
783 3060 868 3099 615
910 3058 1045 3097 totius
1085 3057 1319 3106 fragmenti
1354 3066 1441 3095 ves,
1480 3057 1544 3094 sic
1576 3054 1867 3104 disponendos
1898 3065 1967 3103 pu-

276 3127 399 3167 tabat
443 3129 577 3175 1—5;
622 3127 818 3174 62—75;
863 3126 1031 3173 6-42;
1077 3126 1270 3171 55—58;
1306 3124 1501 3163 43—48:
1536 3124 1734 3170 56-61;
1770 3123 1968 3167 49—54;

274 3195 344 3234 68.
379 3194 494 3244 Quos
524 3196 618 3233 tam
650 3193 809 3233 misere
841 3194 1047 3232 traiectos
1080 3192 1215 3230 fuisse
1247 3191 1342 3239 quis
1373 3200 1534 3238 quaeso
1567 3189 1647 3228 sibi
1680 3189 1969 3238 persuadeat?
