2216 3522
1126 240 1183 280 20

277 368 343 408 Fr.
376 368 446 408 48.
487 367 548 407 De
590 366 880 416 Aristophane
921 365 1087 406 dictum
1129 364 1380 415 suspicatur
1421 364 1667 404 vLeeuwen
1707 364 1866 405 Mnem.
1904 360 2031 414 1888,

334 447 374 486 p.
408 436 492 476 273
524 446 607 484 sq„
643 433 871 474 conferens
902 433 999 473 Pac.
1034 434 1118 473 765
1151 442 1244 482 sqq.
1277 434 1322 472 et
1353 431 1427 480 Eq.
1462 431 1549 471 550
1580 441 1645 480 sq.

276 503 342 543 Fr.
374 505 445 543 44.
480 503 658 553 Propter
689 510 995 551 praegressum
1027 497 1121 540 ποτὲ
1151 497 1223 551 μὲν
1254 498 1368 550 apud
1399 498 1685 539 Plutarchum
1716 508 1794 549 pro
1818 497 1941 549 μόνος
1965 497 2031 539 Bl.

334 571 533 621 proponit
562 566 654 608 ποτὲ
691 567 734 608 δέ
745 584 755 613 ς
795 567 886 609 fleri
920 570 1065 619 potest
1096 570 1146 609 ut
1176 570 1316 615 recte,
1349 566 1426 607 sed
1458 567 1503 607 in
1533 576 1690 607 versus
1719 566 1846 607 initio
1877 565 2032 607 malim

332 640 414 678 τότε
445 637 506 687 δέ,
541 640 589 677 ut
616 638 727 687 apud
756 637 1062 677 Pherecratem
1098 635 1385 676 antecesserit
1419 633 1503 674 τότε
1539 632 1623 686 μὲν.
1659 635 1872 686 Suspecta
1909 635 2032 676 enim

335 716 508 746 versum
560 705 733 744 ordiens
786 714 871 743 vox
916 703 1131 743 enclitica.
1180 702 1491 743 Praecedentia
1537 713 1560 743 e
1606 702 1830 743 Plutarchi
1886 702 2033 743 verbis

330 774 501 814 restitui
533 774 768 821 nequeunt.
802 771 944 811 Metus
976 773 1126 811 autem
1154 771 1280 810 lusus
1311 772 1380 810 est
1407 769 1628 819 Blaydesii
1654 771 1906 810 tentamen:
1937 766 2033 810 ποτὲ

332 838 405 892 μὲν
448 835 586 891 καθῆτ’
633 837 675 878 ἐν
715 845 760 893 τῇ
802 839 913 878 πόλει
954 839 1194 890 καρηβαρῶν
1221 837 1228 889 Ι
1258 837 1336 877 ὑπὸ
1379 843 1447 888 τῆς
1489 835 1713 889 ἀμηχανίας
1753 836 1917 889 ἀπορῶν
1952 842 2032 877 τῶν

329 907 582 961 πραγμάτων,
611 908 685 956 qui
715 907 809 956 ipso
841 909 983 946 metro
1016 916 1172 946 versus
1203 905 1368 945 servati
1401 905 1629 946 refellitur.

274 978 340 1017 Fr.
374 977 444 1016 49.
478 975 646 1026 Duplex
677 985 775 1015 esse
807 974 1105 1024 fragmentum
1140 977 1259 1014 recte
1289 975 1440 1014 monet
1471 973 1536 1014 Bl.

273 1046 339 1085 Fr.
372 1045 442 1085 54.
474 1043 721 1092 Phrynicho
753 1053 829 1092 pro
861 1039 1162 1096 παρατιθεμένῃ
1194 1042 1304 1082 bene
1335 1039 1629 1097 προστιθεμένῃ
1660 1038 1943 1083 ΥθᾱᾶίᾶὶίῖΒΙ.

273 1113 340 1153 Fr.
373 1113 442 1153 58.
476 1112 525 1151 In
557 1111 622 1150 Et.
657 1110 764 1150 Gud.
794 1110 890 1150 iure
923 1110 987 1150 Bl.
1021 1108 1121 1149 κατὰ
1152 1107 1319 1160 φθορὰν
1356 1114 1466 1150 <tofi
1501 1118 1571 1150 ῖ>.

273 1181 339 1221 Fr.
373 1182 442 1221 60.
502 1179 786 1230 „Scripserat,
835 1178 999 1228 opinor,
1050 1180 1411 1230 λυχνοκῶσαν,
1457 1179 1506 1217 ut
1552 1178 1666 1228 apud
1713 1177 2031 1227 Hesychium”.

331 1249 463 1289 Recte
495 1247 696 1296 Blaydes.

274 1382 516 1437 Hermippi
549 1382 599 1422 fr.
636 1383 672 1421 1.
706 1381 866 1431 τίθεμαι
893 1377 966 1432 ’γὼ
997 1381 1083 1431 BL,
1117 1391 1229 1431 quae
1260 1382 1371 1422 coni.
1405 1382 1589 1422 debetur
1619 1382 1792 1432 proprie
1821 1381 2004 1423 Kockio.

272 1452 339 1491 Fr.
374 1452 412 1490 2.
455 1449 571 1489 Nihil
602 1459 701 1489 cum
734 1448 899 1488 Kockio
931 1448 1223 1498 supplendum
1256 1459 1373 1499 esse,
1412 1449 1487 1489 sed
1521 1449 1742 1499 iungenda
1772 1459 1871 1491 esse
1903 1449 2037 1491 verba

328 1516 407 1557 ἀπὸ
439 1523 507 1567 τῆς
539 1514 731 1567 τραπέζης
762 1514 950 1555 ἅπτεσθαι
982 1515 1091 1556 bene
1123 1516 1333 1556 observat
1368 1516 1432 1557 Bl.

271 1586 338 1625 Fr.
372 1586 413 1634 9,
450 1586 486 1624 1.
535 1584 584 1624 In
631 1582 780 1623 Cobeti
827 1584 1078 1623 coniectura
1123 1584 1380 1634 scrupulum
1427 1584 1538 1624 mihi
1584 1586 1738 1625 movet
1783 1584 2036 1637 Πείσανδρος

329 1651 448 1705 μέγας
475 1652 639 1692 dictum
668 1651 763 1691 sine
789 1651 995 1700 articulo;
1022 1651 1118 1691 coll.
1147 1652 1295 1702 Eupol.
1324 1652 1365 1691 II
1391 1653 1469 1692 50]
1505 1653 1590 1699 (Μ.)
1616 1654 1661 1692 et
1681 1653 1755 1694 Ar.
1782 1653 1912 1704 Vesp.
1930 1653 2032 1705 592,

330 1723 375 1760 et
406 1730 469 1760 vs.
504 1720 528 1758 2
562 1721 744 1768 expecto
775 1717 869 1757 οὑπὶ
907 1725 959 1771 τῷ
991 1719 1095 1774 ξύλῳ
1127 1722 1211 1766 (τοῦ
1243 1719 1363 1767 ξύλου
1375 1721 1410 1767 ⁴1³)
1452 1730 1554 1761 cum
1586 1721 1838 1771 Blaydesio,
1872 1721 1946 1771 qui
1976 1731 2034 1763 ex

331 1787 461 1835 ἐλαίας
502 1787 689 1827 fortasse
721 1788 839 1826 recte
880 1786 1029 1826 elicuit
1068 1786 1209 1837 φάλης.
1253 1787 1374 1827 Idem
1418 1798 1484 1829 VS.
1531 1790 1548 1827 1
1593 1787 1761 1829 <ἰδού>
1801 1788 2034 1841 καταβαίνει

331 1856 398 1896 vel
429 1855 657 1907 προβαίνει,
687 1865 872 1903 quorum
906 1855 987 1895 hoc
1020 1855 1180 1904 aptius.
1209 1855 1278 1895 Ita
1308 1856 1397 1896 fere
1429 1856 1576 1896 fuerit:

653 1953 740 1970 υ..
770 1922 983 1972 προβαίνει
1015 1925 1105 1974 σῖγα
1138 1923 1388 1974 Πείσανδρος
1428 1920 1528 1963 <ὅ>
1565 1921 1705 1976 μέγας,

651 1989 781 2039 ὥσπερ
813 1989 1090 2028 Διονυσίοισιν
1122 1988 1218 2029 οὑπὶ
1249 1997 1302 2044 τῷ
1334 1991 1439 2044 ξύλῳ
1472 1994 1558 2038 (τοῦ
1589 1991 1756 2038 ξύλουῖ)

650 2057 791 2107 φάλης·
825 2055 922 2108 ἐρεῖς
953 2054 1021 2096 τιν’
1063 2055 1240 2099 <ὄνον>
1273 2056 1372 2108 ὁρᾶν
1403 2058 1640 2109 κανθήλιον.

270 2128 336 2167 Fr.
373 2127 438 2166 10.
486 2126 594 2165 Cum
642 2123 870 2175 πασιπόρνη
911 2125 1067 2171 (Mein.)
1100 2125 1164 2165 Bl.
1212 2126 1287 2166 cft.
1337 2126 1563 2178 Πασιφίλη,
1612 2126 1849 2176 Plangonis
1893 2126 2029 2168 scorti

327 2203 565 2243 cognomen
599 2203 665 2243 ap.
699 2192 856 2232 Athen.
884 2192 989 2231 XIII
1022 2194 1107 2233 594
1142 2193 1186 2233 C.
1864 2225 1866 2228 .

269 2262 335 2301 Fr.
372 2262 438 2301 15.
479 2260 699 2300 Alluditur
740 2260 793 2299 ad
836 2262 987 2299 notam
1029 2260 1296 2301 locutionem
1339 2261 1656 2311 proverbialem
1695 2264 1869 2301 κινεῖν
1899 2259 2030 2314 μηδὲ

325 2328 547 2378 κάρφος,
591 2328 713 2367 cuius
744 2338 860 2367 nova
890 2328 1069 2377 praebet
1096 2329 1299 2379 exempla
1329 2330 1559 2370 Herondas
1590 2330 1610 2369 I
1642 2326 1699 2371 34
1731 2331 1777 2370 et
1806 2330 1871 2370 111
1897 2330 1968 2372 67.

269 2397 335 2435 Fr.
373 2397 438 2436 16.
485 2395 585 2435 Sine
624 2405 756 2435 causa
786 2395 940 2435 idonea
972 2395 1093 2436 Kock
1125 2395 1282 2447 ἔχοντος
1314 2407 1391 2447 pro
1423 2396 1593 2448 ἔχοντας.
1628 2397 1893 2438 Huiusmodi
1921 2407 2032 2439 usuc

326 2463 494 2503 numeri
526 2462 763 2511 singularis
794 2473 870 2512 pro
898 2463 1055 2512 plurali
1083 2463 1163 2510 (ἴσα
1190 2462 1371 2510 ἀσπίδια)
1399 2465 1558 2515 ubique
1585 2466 1787 2515 prostant
1812 2464 2030 2517 exempla.

268 2531 333 2569 Fr.
372 2532 436 2570 18.
470 2526 715 2580 λεπτοσχιδὲς
746 2531 993 2576 (σανδάλιον)
1027 2532 1101 2571 cst.
1136 2531 1199 2572 Bl.

268 2598 333 2637 Fr.
368 2599 435 2644 25,
475 2600 510 2637 1.
546 2597 607 2636 Bl.
650 2603 803 2651 πεινῇ
830 2612 905 2643 τις
947 2595 972 2649 ἢ
1006 2598 1135 2653 δίψῃ
1166 2605 1315 2652 καμῇ.
1358 2600 1418 2640 At
1458 2600 1510 2640 de
1551 2599 1648 2640 sola
1689 2601 1765 2641 Siti
1801 2600 1948 2650 agitur
1980 2600 2026 2641 in

322 2665 618 2714 sequentibus.
667 2665 715 2703 In
761 2666 1096 2715 corruptissimo
1142 2666 1410 2716 fragmento,
1459 2668 1573 2716 quod
1620 2670 1739 2708 recte
1780 2666 1923 2717 Bergk
1974 2666 2028 2708 de

324 2733 581 2771 Amaltheae
636 2742 767 2772 cornu
820 2733 1042 2782 accepisse
1091 2734 1274 2783 videtur,
1324 2734 1431 2774 haec
1478 2735 1743 2776 ludibundus
1788 2733 2027 2783 (confiteor)

325 2800 499 2839 adiutus
530 2800 582 2839 ab
615 2799 712 2839 aliis
744 2800 956 2851 tentavip
2069 2793 2074 2795 ⁴

646 2862 769 2906 ἔπειθ’
806 2866 901 2906 ὅταν
933 2867 1197 2916 δειπνοῦντας
1229 2866 1333 2919 ἡμᾶς
1365 2866 1448 2919 δίψ’
1484 2868 1571 2924 ἔχῃ,

646 2930 846 2985 εὐχόμεθα
877 2933 976 2985 πρὸς
1006 2931 1108 2975 τοῦτ’
1141 2930 1307 2986 ,,οῘνον,
1338 2930 1369 2975 ὦ
1401 2935 1539 2988 κέρας,
1569 2936 1731 2988 δίδου”,

645 2997 746 3040 κούκ
779 3000 820 3040 ἐκ
852 3001 1035 3053 καπήλου
1068 3002 1134 3042 δεῖ
1159 3002 1295 3054 φέρειν
1328 3004 1477 3051 παῖδας
1510 3002 1637 3055 μέθυ,

647 3064 772 3115 εὐθὺς
805 3067 1009 3121 γεγένηται
1042 3066 1079 3109 δ’
1114 3067 1214 3110 αὐτὸ
1246 3069 1360 3111 πέντε
1392 3070 1458 3110 καὶ
1492 3071 1579 3111 δύο.

325 3134 423 3174 Alia
455 3136 678 3184 proposuit
710 3136 771 3175 Bl.
808 3147 846 3186 p.
883 3138 952 3177 29.

266 3201 333 3240 Fr.
366 3202 435 3250 26,
471 3205 509 3241 23.
543 3198 653 3240 ἔπειτ’
688 3204 822 3248 (cur?)
856 3200 1013 3252 ἔνέκαψ’
1049 3201 1170 3252 ὀλὰς
1202 3204 1380 3245 λαθὼν
1412 3216 1490 3257 pro
1521 3206 1740 3246 λανθάνων
1771 3206 1837 3247 Bl.

266 3267 332 3307 Fr.
367 3268 435 3307 27.
469 3268 530 3307 Bl.
575 3267 638 3306 καὶ
679 3269 776 3320 πρὸς
819 3272 1027 3321 (insuper)
1069 3271 1220 3324 κύβους
1260 3269 1382 3325 ἕστηκ’
1428 3273 1526 3326 ἔχων
1559 3273 1643 3313 καὶ
1674 3273 1823 3326 κήθιον
1854 3273 1924 3314 vel
1954 3269 2024 3313 ml
