<?xml version="1.0" encoding="UTF-8"?>
<!DOCTYPE html PUBLIC "-//W3C//DTD XHTML 1.0 Transitional//EN"
    "http://www.w3.org/TR/xhtml1/DTD/xhtml1-transitional.dtd">
<html xmlns="http://www.w3.org/1999/xhtml" xml:lang="en" lang="en">
 <head>
  <title>
</title>
<meta http-equiv="Content-Type" content="text/html;charset=utf-8" />
  <meta name='ocr-system' content='tesseract 3.04.00' />
  <meta name='ocr-capabilities' content='ocr_page ocr_carea ocr_par ocr_line ocrx_word'/>
</head>
<body>
  <div class='ocr_page' id='page_1' title='image "./collectaneacriti00herwuoft_0191.png"; bbox 0 0 2216 3522; ppageno 0'>
   <div class='ocr_carea' id='block_1_1' title="bbox 1017 224 1097 262">
    <p class='ocr_par' dir='ltr' id='par_1_1' title="bbox 1017 224 1097 262">
     <span class='ocr_line' id='line_1_1' title="bbox 1017 224 1097 262; baseline 0 0"><span class='ocrx_word' id='word_1_1' title='bbox 1017 224 1097 262; x_wconf 81' lang='lat'>177</span> 
     </span>
    </p>
   </div>
   <div class='ocr_carea' id='block_1_2' title="bbox 169 344 1932 406">
    <p class='ocr_par' dir='ltr' id='par_1_2' title="bbox 169 344 1932 406">
     <span class='ocr_line' id='line_1_2' title="bbox 169 344 1932 406; baseline 0.005 -22"><span class='ocrx_word' id='word_1_2' title='bbox 169 401 174 406; x_wconf 27' lang='grc' dir='ltr'>ι</span> <span class='ocrx_word' id='word_1_3' title='bbox 234 344 318 385; x_wconf 86' lang='lat' dir='ltr'>Sed</span> <span class='ocrx_word' id='word_1_4' title='bbox 357 344 545 386; x_wconf 86' lang='lat' dir='ltr'>fortasse</span> <span class='ocrx_word' id='word_1_5' title='bbox 585 345 748 386; x_wconf 88' lang='lat' dir='ltr'>sufficit</span> <span class='ocrx_word' id='word_1_6' title='bbox 783 347 1012 387; x_wconf 89' lang='lat' dir='ltr'>lenissima</span> <span class='ocrx_word' id='word_1_7' title='bbox 1043 348 1186 387; x_wconf 87' lang='lat' dir='ltr'>Bothii</span> <span class='ocrx_word' id='word_1_8' title='bbox 1221 349 1450 389; x_wconf 90' lang='lat' dir='ltr'>correctio:</span> <span class='ocrx_word' id='word_1_9' title='bbox 1488 349 1692 406; x_wconf 77' lang='grc' dir='ltr'><em>Κορινθίῳ</em></span> <span class='ocrx_word' id='word_1_10' title='bbox 1721 346 1860 391; x_wconf 68' lang='grc' dir='ltr'><em>’πίστει</em></span> <span class='ocrx_word' id='word_1_11' title='bbox 1894 365 1932 392; x_wconf 84' lang='grc' dir='ltr'>τε</span> 
     </span>
    </p>
   </div>
   <div class='ocr_carea' id='block_1_3' title="bbox 176 412 1940 3229">
    <p class='ocr_par' dir='ltr' id='par_1_3' title="bbox 235 412 640 470">
     <span class='ocr_line' id='line_1_3' title="bbox 235 412 640 470; baseline 0.002 -18"><span class='ocrx_word' id='word_1_12' title='bbox 235 412 303 452; x_wconf 84' lang='grc' dir='ltr'>καὶ</span> <span class='ocrx_word' id='word_1_13' title='bbox 333 413 387 464; x_wconf 81' lang='grc' dir='ltr'>μὴ</span> <span class='ocrx_word' id='word_1_14' title='bbox 418 420 496 465; x_wconf 82' lang='grc' dir='ltr'>χρῶ</span> <span class='ocrx_word' id='word_1_15' title='bbox 525 413 640 470; x_wconf 80' lang='grc' dir='ltr'><strong>φίλῳ.</strong></span> 
     </span>
    </p>

    <p class='ocr_par' dir='ltr' id='par_1_4' title="bbox 176 481 1808 533">
     <span class='ocr_line' id='line_1_4' title="bbox 176 481 1808 533; baseline 0.003 -12"><span class='ocrx_word' id='word_1_16' title='bbox 176 482 244 522; x_wconf 90' lang='lat' dir='ltr'>Fr.</span> <span class='ocrx_word' id='word_1_17' title='bbox 278 483 377 522; x_wconf 83' lang='lat'>766.</span> <span class='ocrx_word' id='word_1_18' title='bbox 411 481 520 524; x_wconf 88' lang='lat' dir='ltr'>Cum</span> <span class='ocrx_word' id='word_1_19' title='bbox 551 482 616 522; x_wconf 78' lang='grc' dir='ltr'>ΒΙ.</span> <span class='ocrx_word' id='word_1_20' title='bbox 649 482 780 532; x_wconf 88' lang='lat' dir='ltr'>probo</span> <span class='ocrx_word' id='word_1_21' title='bbox 807 483 994 522; x_wconf 85' lang='lat' dir='ltr'>Nauckii</span> <span class='ocrx_word' id='word_1_22' title='bbox 1027 484 1359 533; x_wconf 83' lang='lat' dir='ltr'>correctionem,</span> <span class='ocrx_word' id='word_1_23' title='bbox 1393 486 1541 533; x_wconf 87' lang='lat' dir='ltr'>spreta</span> <span class='ocrx_word' id='word_1_24' title='bbox 1572 485 1808 526; x_wconf 89' lang='lat' dir='ltr'>Kockiana.</span> 
     </span>
    </p>

    <p class='ocr_par' dir='ltr' id='par_1_5' title="bbox 176 542 1937 939">
     <span class='ocr_line' id='line_1_5' title="bbox 176 542 1932 603; baseline 0.005 -15"><span class='ocrx_word' id='word_1_25' title='bbox 176 549 244 589; x_wconf 79' lang='lat' dir='ltr'>Fr.</span> <span class='ocrx_word' id='word_1_26' title='bbox 279 542 377 589; x_wconf 66' lang='grc'><strong>768.</strong></span> <span class='ocrx_word' id='word_1_27' title='bbox 421 550 654 599; x_wconf 81' lang='lat' dir='ltr'>Gregorius</span> <span class='ocrx_word' id='word_1_28' title='bbox 695 551 798 590; x_wconf 84' lang='lat' dir='ltr'>Naz.</span> <span class='ocrx_word' id='word_1_29' title='bbox 832 551 893 589; x_wconf 84' lang='lat' dir='ltr'>[II</span> <span class='ocrx_word' id='word_1_30' title='bbox 924 562 963 600; x_wconf 90' lang='lat' dir='ltr'>p.</span> <span class='ocrx_word' id='word_1_31' title='bbox 1004 553 1052 591; x_wconf 85' lang='grc'>16</span> <span class='ocrx_word' id='word_1_32' title='bbox 1071 552 1117 590; x_wconf 85' lang='grc' dir='ltr'>Β.</span> <span class='ocrx_word' id='word_1_33' title='bbox 1160 548 1283 598; x_wconf 76' lang='grc' dir='ltr'>ὄντως</span> <span class='ocrx_word' id='word_1_34' title='bbox 1324 549 1606 603; x_wconf 78' lang='grc' dir='ltr'><em>ἀσυλλόγιστον</em></span> <span class='ocrx_word' id='word_1_35' title='bbox 1632 551 1705 591; x_wconf 81' lang='grc' dir='ltr'>κτέ.</span> <span class='ocrx_word' id='word_1_36' title='bbox 1739 556 1782 593; x_wconf 78' lang='lat' dir='ltr'>et</span> <span class='ocrx_word' id='word_1_37' title='bbox 1815 555 1932 596; x_wconf 77' lang='lat' dir='ltr'>Orat.</span> 
     </span>
     <span class='ocr_line' id='line_1_6' title="bbox 237 606 1932 668; baseline 0.004 -12"><span class='ocrx_word' id='word_1_38' title='bbox 237 617 300 656; x_wconf 89' lang='lat'>111</span> <span class='ocrx_word' id='word_1_39' title='bbox 331 628 371 667; x_wconf 85' lang='lat' dir='ltr'>p.</span> <span class='ocrx_word' id='word_1_40' title='bbox 406 618 513 657; x_wconf 85' lang='lat'>6613</span> <span class='ocrx_word' id='word_1_41' title='bbox 545 614 622 655; x_wconf 65' lang='grc' dir='ltr'><em>ἀλλ’</em></span> <span class='ocrx_word' id='word_1_42' title='bbox 660 615 782 664; x_wconf 64' lang='grc' dir='ltr'><strong><em>ὅπως</em></strong></span> <span class='ocrx_word' id='word_1_43' title='bbox 813 616 849 656; x_wconf 74' lang='grc' dir='ltr'>ἀ.</span> <span class='ocrx_word' id='word_1_44' title='bbox 880 616 974 668; x_wconf 62' lang='lat' dir='ltr'>mg„</span> <span class='ocrx_word' id='word_1_45' title='bbox 1004 619 1076 657; x_wconf 81' lang='lat' dir='ltr'>ubi</span> <span class='ocrx_word' id='word_1_46' title='bbox 1108 619 1226 658; x_wconf 78' lang='lat' dir='ltr'>Elias</span> <span class='ocrx_word' id='word_1_47' title='bbox 1257 606 1478 658; x_wconf 79' lang='lat' dir='ltr'>cretensis</span> <span class='ocrx_word' id='word_1_48' title='bbox 1510 630 1549 668; x_wconf 87' lang='lat' dir='ltr'>p.</span> <span class='ocrx_word' id='word_1_49' title='bbox 1584 621 1667 660; x_wconf 83' lang='lat'>297</span> <span class='ocrx_word' id='word_1_50' title='bbox 1687 621 1723 659; x_wconf 91' lang='lat' dir='ltr'><strong>A</strong></span> <span class='ocrx_word' id='word_1_51' title='bbox 1756 633 1932 663; x_wconf 84' lang='lat' dir='ltr'>versum</span> 
     </span>
     <span class='ocr_line' id='line_1_7' title="bbox 236 685 1936 735; baseline 0.004 -11"><span class='ocrx_word' id='word_1_52' title='bbox 236 685 390 724; x_wconf 81' lang='lat' dir='ltr'><strong>tribuit</strong></span> <span class='ocrx_word' id='word_1_53' title='bbox 430 686 667 734; x_wconf 82' lang='lat' dir='ltr'>Phocyiidi.</span> <span class='ocrx_word' id='word_1_54' title='bbox 713 685 879 724; x_wconf 80' lang='lat' dir='ltr'>Monuit</span> <span class='ocrx_word' id='word_1_55' title='bbox 920 685 1088 735; x_wconf 85' lang='lat' dir='ltr'>Nauck,</span> <span class='ocrx_word' id='word_1_56' title='bbox 1129 686 1201 734; x_wconf 88' lang='lat' dir='ltr'>qui</span> <span class='ocrx_word' id='word_1_57' title='bbox 1243 686 1338 725; x_wconf 83' lang='lat' dir='ltr'>Mel.</span> <span class='ocrx_word' id='word_1_58' title='bbox 1382 686 1440 724; x_wconf 83' lang='lat' dir='ltr'>VI</span> <span class='ocrx_word' id='word_1_59' title='bbox 1473 697 1513 735; x_wconf 88' lang='lat' dir='ltr'>p.</span> <span class='ocrx_word' id='word_1_60' title='bbox 1557 688 1638 727; x_wconf 80' lang='lat'>126</span> <span class='ocrx_word' id='word_1_61' title='bbox 1682 689 1724 727; x_wconf 90' lang='lat' dir='ltr'>in</span> <span class='ocrx_word' id='word_1_62' title='bbox 1765 689 1816 729; x_wconf 88' lang='lat' dir='ltr'>fr.</span> <span class='ocrx_word' id='word_1_63' title='bbox 1851 692 1936 730; x_wconf 89' lang='lat'>770</span> 
     </span>
     <span class='ocr_line' id='line_1_8' title="bbox 234 753 1936 807; baseline 0.002 -14"><span class='ocrx_word' id='word_1_64' title='bbox 234 762 381 793; x_wconf 88' lang='lat' dir='ltr'>meam</span> <span class='ocrx_word' id='word_1_65' title='bbox 418 753 713 793; x_wconf 87' lang='lat' dir='ltr'>coniecturam</span> <span class='ocrx_word' id='word_1_66' title='bbox 745 753 917 802; x_wconf 87' lang='lat' dir='ltr'>probat,</span> <span class='ocrx_word' id='word_1_67' title='bbox 961 753 1057 792; x_wconf 90' lang='lat' dir='ltr'>coll.</span> <span class='ocrx_word' id='word_1_68' title='bbox 1096 753 1333 792; x_wconf 79' lang='lat' dir='ltr'>Nicostrati</span> <span class='ocrx_word' id='word_1_69' title='bbox 1375 754 1426 793; x_wconf 87' lang='lat' dir='ltr'>fr.</span> <span class='ocrx_word' id='word_1_70' title='bbox 1465 755 1530 803; x_wconf 92' lang='lat'>19,</span> <span class='ocrx_word' id='word_1_71' title='bbox 1565 756 1605 804; x_wconf 87' lang='lat'>4,</span> <span class='ocrx_word' id='word_1_72' title='bbox 1634 766 1673 804; x_wconf 90' lang='lat' dir='ltr'>p.</span> <span class='ocrx_word' id='word_1_73' title='bbox 1709 756 1807 796; x_wconf 82' lang='lat'>225.</span> <span class='ocrx_word' id='word_1_74' title='bbox 1849 758 1936 807; x_wconf 87' lang='lat' dir='ltr'>Ego</span> 
     </span>
     <span class='ocr_line' id='line_1_9' title="bbox 235 818 1937 874; baseline 0.003 -14"><span class='ocrx_word' id='word_1_75' title='bbox 235 820 505 860; x_wconf 83' lang='lat' dir='ltr'>contuleram</span> <span class='ocrx_word' id='word_1_76' title='bbox 538 821 761 860; x_wconf 82' lang='lat' dir='ltr'>Menandri</span> <span class='ocrx_word' id='word_1_77' title='bbox 791 820 841 860; x_wconf 86' lang='lat' dir='ltr'>fr.</span> <span class='ocrx_word' id='word_1_78' title='bbox 875 822 960 860; x_wconf 88' lang='lat'>417</span> <span class='ocrx_word' id='word_1_79' title='bbox 979 821 1018 860; x_wconf 92' lang='lat' dir='ltr'>b.</span> <span class='ocrx_word' id='word_1_80' title='bbox 1049 818 1400 872; x_wconf 78' lang='grc' dir='ltr'><em>-κάστάθμητον</em></span> <span class='ocrx_word' id='word_1_81' title='bbox 1431 822 1638 862; x_wconf 84' lang='lat' dir='ltr'>audacius</span> <span class='ocrx_word' id='word_1_82' title='bbox 1666 824 1748 874; x_wconf 72' lang='lat' dir='ltr'>BL,</span> <span class='ocrx_word' id='word_1_83' title='bbox 1788 836 1937 873; x_wconf 86' lang='lat' dir='ltr'>quam-</span> 
     </span>
     <span class='ocr_line' id='line_1_10' title="bbox 239 885 1161 939; baseline -0.002 -12"><span class='ocrx_word' id='word_1_84' title='bbox 239 888 307 928; x_wconf 88' lang='lat' dir='ltr'>viS</span> <span class='ocrx_word' id='word_1_85' title='bbox 340 888 433 937; x_wconf 82' lang='lat' dir='ltr'>ipse</span> <span class='ocrx_word' id='word_1_86' title='bbox 465 888 572 927; x_wconf 83' lang='lat' dir='ltr'>citet</span> <span class='ocrx_word' id='word_1_87' title='bbox 603 888 654 927; x_wconf 85' lang='lat' dir='ltr'>fr.</span> <span class='ocrx_word' id='word_1_88' title='bbox 689 889 773 927; x_wconf 83' lang='lat'>812</span> <span class='ocrx_word' id='word_1_89' title='bbox 808 887 926 939; x_wconf 83' lang='grc' dir='ltr'><strong><em>τύχης</em></strong></span> <span class='ocrx_word' id='word_1_90' title='bbox 958 885 1161 926; x_wconf 72' lang='grc' dir='ltr'><strong>ἄνοιαν.</strong></span> 
     </span>
    </p>

    <p class='ocr_par' dir='ltr' id='par_1_6' title="bbox 178 954 1938 1063">
     <span class='ocr_line' id='line_1_11' title="bbox 178 954 1938 1007; baseline 0.003 -12"><span class='ocrx_word' id='word_1_91' title='bbox 178 956 246 996; x_wconf 91' lang='lat' dir='ltr'>Fr.</span> <span class='ocrx_word' id='word_1_92' title='bbox 283 956 380 1006; x_wconf 85' lang='lat'>791,</span> <span class='ocrx_word' id='word_1_93' title='bbox 419 957 454 995; x_wconf 91' lang='lat'>1.</span> <span class='ocrx_word' id='word_1_94' title='bbox 502 955 596 995; x_wconf 83' lang='lat' dir='ltr'>Iam</span> <span class='ocrx_word' id='word_1_95' title='bbox 639 955 898 995; x_wconf 87' lang='lat' dir='ltr'>Dorvillium</span> <span class='ocrx_word' id='word_1_96' title='bbox 945 956 998 995; x_wconf 87' lang='lat' dir='ltr'>ad</span> <span class='ocrx_word' id='word_1_97' title='bbox 1039 954 1320 995; x_wconf 82' lang='lat' dir='ltr'>Charitonem</span> <span class='ocrx_word' id='word_1_98' title='bbox 1363 957 1381 994; x_wconf 92' lang='lat' dir='ltr'><strong>I</strong></span> <span class='ocrx_word' id='word_1_99' title='bbox 1415 958 1454 1007; x_wconf 86' lang='lat'>4,</span> <span class='ocrx_word' id='word_1_100' title='bbox 1490 958 1515 995; x_wconf 87' lang='lat'><strong>3</strong></span> <span class='ocrx_word' id='word_1_101' title='bbox 1557 959 1659 997; x_wconf 86' lang='lat' dir='ltr'>ante</span> <span class='ocrx_word' id='word_1_102' title='bbox 1691 958 1938 1000; x_wconf 83' lang='lat' dir='ltr'>Dobraeum</span> 
     </span>
     <span class='ocr_line' id='line_1_12' title="bbox 238 1023 977 1063; baseline -0.001 0"><span class='ocrx_word' id='word_1_103' title='bbox 238 1023 326 1063; x_wconf 93' lang='lat' dir='ltr'>h.l.</span> <span class='ocrx_word' id='word_1_104' title='bbox 359 1024 602 1063; x_wconf 82' lang='lat' dir='ltr'>correxisse</span> <span class='ocrx_word' id='word_1_105' title='bbox 634 1024 783 1062; x_wconf 85' lang='lat' dir='ltr'>monet</span> <span class='ocrx_word' id='word_1_106' title='bbox 815 1023 977 1062; x_wconf 83' lang='lat' dir='ltr'>Nauck.</span> 
     </span>
    </p>

    <p class='ocr_par' dir='ltr' id='par_1_7' title="bbox 176 1090 1940 1478">
     <span class='ocr_line' id='line_1_13' title="bbox 176 1090 1940 1140; baseline 0.003 -10"><span class='ocrx_word' id='word_1_107' title='bbox 176 1091 244 1130; x_wconf 88' lang='lat' dir='ltr'>Fr.</span> <span class='ocrx_word' id='word_1_108' title='bbox 278 1092 377 1130; x_wconf 85' lang='lat'>796.</span> <span class='ocrx_word' id='word_1_109' title='bbox 421 1090 679 1129; x_wconf 85' lang='lat' dir='ltr'>Monostichi</span> <span class='ocrx_word' id='word_1_110' title='bbox 713 1090 797 1128; x_wconf 83' lang='lat'>323</span> <span class='ocrx_word' id='word_1_111' title='bbox 839 1090 1076 1129; x_wconf 84' lang='lat' dir='ltr'>lectionem</span> <span class='ocrx_word' id='word_1_112' title='bbox 1118 1091 1470 1130; x_wconf 86' lang='lat' dir='ltr'>substituendam</span> <span class='ocrx_word' id='word_1_113' title='bbox 1503 1094 1630 1140; x_wconf 84' lang='lat' dir='ltr'>putat</span> <span class='ocrx_word' id='word_1_114' title='bbox 1661 1093 1724 1132; x_wconf 87' lang='lat' dir='ltr'>Bl.</span> <span class='ocrx_word' id='word_1_115' title='bbox 1764 1094 1940 1135; x_wconf 84' lang='lat' dir='ltr'>Tradita</span> 
     </span>
     <span class='ocr_line' id='line_1_14' title="bbox 237 1155 1939 1211; baseline 0.004 -14"><span class='ocrx_word' id='word_1_116' title='bbox 237 1159 278 1198; x_wconf 91' lang='lat' dir='ltr'>h.</span> <span class='ocrx_word' id='word_1_117' title='bbox 305 1158 333 1197; x_wconf 95' lang='lat' dir='ltr'>l.</span> <span class='ocrx_word' id='word_1_118' title='bbox 375 1158 504 1197; x_wconf 86' lang='lat' dir='ltr'>lectio</span> <span class='ocrx_word' id='word_1_119' title='bbox 545 1158 677 1207; x_wconf 77' lang='grc' dir='ltr'>μεῖζον</span> <span class='ocrx_word' id='word_1_120' title='bbox 714 1155 867 1196; x_wconf 79' lang='grc' dir='ltr'>οἰκέτου</span> <span class='ocrx_word' id='word_1_121' title='bbox 914 1163 1078 1208; x_wconf 84' lang='grc' dir='ltr'><em>φρονῶν</em></span> <span class='ocrx_word' id='word_1_122' title='bbox 1118 1168 1204 1197; x_wconf 91' lang='lat' dir='ltr'>non</span> <span class='ocrx_word' id='word_1_123' title='bbox 1247 1161 1392 1207; x_wconf 87' lang='lat' dir='ltr'>potest</span> <span class='ocrx_word' id='word_1_124' title='bbox 1428 1159 1691 1210; x_wconf 83' lang='lat' dir='ltr'>significare,</span> <span class='ocrx_word' id='word_1_125' title='bbox 1734 1163 1783 1200; x_wconf 89' lang='lat' dir='ltr'>ut</span> <span class='ocrx_word' id='word_1_126' title='bbox 1813 1166 1939 1211; x_wconf 85' lang='lat' dir='ltr'>putat</span> 
     </span>
     <span class='ocr_line' id='line_1_15' title="bbox 237 1225 1936 1276; baseline 0.003 -12"><span class='ocrx_word' id='word_1_127' title='bbox 237 1225 376 1275; x_wconf 86' lang='lat' dir='ltr'>Kock,</span> <span class='ocrx_word' id='word_1_128' title='bbox 421 1225 510 1273; x_wconf 89' lang='lat' dir='ltr'>qui</span> <span class='ocrx_word' id='word_1_129' title='bbox 553 1235 718 1274; x_wconf 85' lang='lat' dir='ltr'>supra</span> <span class='ocrx_word' id='word_1_130' title='bbox 757 1235 980 1264; x_wconf 87' lang='lat' dir='ltr'>servum</span> <span class='ocrx_word' id='word_1_131' title='bbox 1015 1226 1184 1276; x_wconf 86' lang='lat' dir='ltr'>sapit,</span> <span class='ocrx_word' id='word_1_132' title='bbox 1219 1226 1329 1274; x_wconf 91' lang='lat' dir='ltr'>quod</span> <span class='ocrx_word' id='word_1_133' title='bbox 1362 1237 1516 1275; x_wconf 86' lang='lat' dir='ltr'>graece</span> <span class='ocrx_word' id='word_1_134' title='bbox 1548 1227 1706 1266; x_wconf 89' lang='lat' dir='ltr'>dicitur</span> <span class='ocrx_word' id='word_1_135' title='bbox 1742 1228 1936 1269; x_wconf 79' lang='grc' dir='ltr'><em>πλείον’</em></span> 
     </span>
     <span class='ocr_line' id='line_1_16' title="bbox 237 1291 1937 1346; baseline 0.004 -14"><span class='ocrx_word' id='word_1_136' title='bbox 237 1291 391 1332; x_wconf 82' lang='grc' dir='ltr'><strong><em>οἰκέτου</em></strong></span> <span class='ocrx_word' id='word_1_137' title='bbox 446 1295 631 1344; x_wconf 79' lang='grc' dir='ltr'><em>φρονεῖν,</em></span> <span class='ocrx_word' id='word_1_138' title='bbox 676 1293 752 1332; x_wconf 88' lang='lat' dir='ltr'>sed</span> <span class='ocrx_word' id='word_1_139' title='bbox 799 1293 1019 1342; x_wconf 86' lang='lat' dir='ltr'>significat</span> <span class='ocrx_word' id='word_1_140' title='bbox 1065 1295 1158 1342; x_wconf 87' lang='lat' dir='ltr'>qui</span> <span class='ocrx_word' id='word_1_141' title='bbox 1202 1305 1371 1344; x_wconf 90' lang='lat' dir='ltr'>supra</span> <span class='ocrx_word' id='word_1_142' title='bbox 1417 1306 1642 1335; x_wconf 89' lang='lat' dir='ltr'>servum</span> <span class='ocrx_word' id='word_1_143' title='bbox 1690 1299 1937 1346; x_wconf 89' lang='lat' dir='ltr'>spiritus</span> 
     </span>
     <span class='ocr_line' id='line_1_17' title="bbox 236 1361 1935 1411; baseline 0.004 -12"><span class='ocrx_word' id='word_1_144' title='bbox 236 1361 398 1410; x_wconf 87' lang='lat' dir='ltr'>gerit.</span> <span class='ocrx_word' id='word_1_145' title='bbox 447 1361 561 1400; x_wconf 89' lang='lat' dir='ltr'>Fieri</span> <span class='ocrx_word' id='word_1_146' title='bbox 607 1362 757 1400; x_wconf 89' lang='lat' dir='ltr'>autem</span> <span class='ocrx_word' id='word_1_147' title='bbox 798 1363 960 1411; x_wconf 88' lang='lat' dir='ltr'>potest,</span> <span class='ocrx_word' id='word_1_148' title='bbox 1006 1363 1054 1400; x_wconf 88' lang='lat' dir='ltr'>ut</span> <span class='ocrx_word' id='word_1_149' title='bbox 1094 1364 1275 1410; x_wconf 84' lang='lat' dir='ltr'>utraque</span> <span class='ocrx_word' id='word_1_150' title='bbox 1318 1363 1538 1402; x_wconf 90' lang='lat' dir='ltr'>sententia</span> <span class='ocrx_word' id='word_1_151' title='bbox 1579 1364 1623 1402; x_wconf 92' lang='lat' dir='ltr'>in</span> <span class='ocrx_word' id='word_1_152' title='bbox 1662 1364 1822 1405; x_wconf 82' lang='lat' dir='ltr'>fabulis</span> <span class='ocrx_word' id='word_1_153' title='bbox 1855 1368 1935 1406; x_wconf 88' lang='lat' dir='ltr'>Mc·</span> 
     </span>
     <span class='ocr_line' id='line_1_18' title="bbox 238 1428 702 1478; baseline 0.002 -11"><span class='ocrx_word' id='word_1_154' title='bbox 238 1428 395 1467; x_wconf 89' lang='lat' dir='ltr'>nandri</span> <span class='ocrx_word' id='word_1_155' title='bbox 426 1429 599 1478; x_wconf 85' lang='lat' dir='ltr'>reperta</span> <span class='ocrx_word' id='word_1_156' title='bbox 630 1429 702 1468; x_wconf 91' lang='lat' dir='ltr'>sit.</span> 
     </span>
    </p>

    <p class='ocr_par' dir='ltr' id='par_1_8' title="bbox 184 1494 1938 1681">
     <span class='ocr_line' id='line_1_19' title="bbox 184 1494 1937 1550; baseline 0.004 -16"><span class='ocrx_word' id='word_1_157' title='bbox 184 1496 253 1536; x_wconf 87' lang='lat' dir='ltr'>Fr.</span> <span class='ocrx_word' id='word_1_158' title='bbox 289 1496 386 1535; x_wconf 90' lang='lat'>799.</span> <span class='ocrx_word' id='word_1_159' title='bbox 419 1496 513 1535; x_wconf 93' lang='lat' dir='ltr'>Non</span> <span class='ocrx_word' id='word_1_160' title='bbox 545 1496 704 1535; x_wconf 88' lang='lat' dir='ltr'>haereo</span> <span class='ocrx_word' id='word_1_161' title='bbox 736 1496 780 1535; x_wconf 93' lang='lat' dir='ltr'>in</span> <span class='ocrx_word' id='word_1_162' title='bbox 812 1494 918 1550; x_wconf 80' lang='grc' dir='ltr'><em>γήμῃ</em></span> <span class='ocrx_word' id='word_1_163' title='bbox 950 1496 1029 1542; x_wconf 88' lang='lat' dir='ltr'><strong>(Bl.</strong></span> <span class='ocrx_word' id='word_1_164' title='bbox 1061 1495 1218 1548; x_wconf 76' lang='grc' dir='ltr'>γήμαι),</span> <span class='ocrx_word' id='word_1_165' title='bbox 1252 1497 1328 1536; x_wconf 87' lang='lat' dir='ltr'>sed</span> <span class='ocrx_word' id='word_1_166' title='bbox 1361 1498 1403 1536; x_wconf 92' lang='lat' dir='ltr'>in</span> <span class='ocrx_word' id='word_1_167' title='bbox 1436 1495 1578 1544; x_wconf 77' lang='grc' dir='ltr'><strong><em>εὔνους</em></strong></span> <span class='ocrx_word' id='word_1_168' title='bbox 1611 1497 1714 1549; x_wconf 85' lang='grc' dir='ltr'><strong>ἐμοί,</strong></span> <span class='ocrx_word' id='word_1_169' title='bbox 1745 1511 1821 1549; x_wconf 90' lang='lat' dir='ltr'>pro</span> <span class='ocrx_word' id='word_1_170' title='bbox 1853 1513 1937 1550; x_wconf 91' lang='lat' dir='ltr'>quo</span> 
     </span>
     <span class='ocr_line' id='line_1_20' title="bbox 239 1558 1938 1616; baseline 0.004 -14"><span class='ocrx_word' id='word_1_171' title='bbox 239 1562 460 1603; x_wconf 87' lang='lat' dir='ltr'>sententia</span> <span class='ocrx_word' id='word_1_172' title='bbox 500 1563 681 1611; x_wconf 84' lang='lat' dir='ltr'>requirit</span> <span class='ocrx_word' id='word_1_173' title='bbox 721 1569 799 1602; x_wconf 84' lang='grc' dir='ltr'>τῶν</span> <span class='ocrx_word' id='word_1_174' title='bbox 839 1558 898 1610; x_wconf 85' lang='grc' dir='ltr'>οἷς</span> <span class='ocrx_word' id='word_1_175' title='bbox 939 1562 1084 1614; x_wconf 84' lang='grc' dir='ltr'><strong>εὐνοῶ,</strong></span> <span class='ocrx_word' id='word_1_176' title='bbox 1123 1565 1236 1612; x_wconf 91' lang='lat' dir='ltr'>quod</span> <span class='ocrx_word' id='word_1_177' title='bbox 1278 1564 1353 1603; x_wconf 84' lang='lat' dir='ltr'>vix</span> <span class='ocrx_word' id='word_1_178' title='bbox 1390 1566 1652 1605; x_wconf 84' lang='lat' dir='ltr'>attractione</span> <span class='ocrx_word' id='word_1_179' title='bbox 1684 1567 1766 1606; x_wconf 92' lang='lat' dir='ltr'>dici</span> <span class='ocrx_word' id='word_1_180' title='bbox 1797 1570 1938 1616; x_wconf 87' lang='lat' dir='ltr'>potuit</span> 
     </span>
     <span class='ocr_line' id='line_1_21' title="bbox 238 1625 1035 1681; baseline 0.001 -12"><span class='ocrx_word' id='word_1_181' title='bbox 238 1625 295 1670; x_wconf 83' lang='grc' dir='ltr'>ὧν</span> <span class='ocrx_word' id='word_1_182' title='bbox 326 1630 472 1680; x_wconf 87' lang='grc' dir='ltr'><strong>εὐνοῶ,</strong></span> <span class='ocrx_word' id='word_1_183' title='bbox 503 1641 637 1680; x_wconf 89' lang='lat' dir='ltr'>quare</span> <span class='ocrx_word' id='word_1_184' title='bbox 670 1632 776 1671; x_wconf 90' lang='lat' dir='ltr'>olim</span> <span class='ocrx_word' id='word_1_185' title='bbox 806 1631 1035 1681; x_wconf 87' lang='lat' dir='ltr'>proposui:</span> 
     </span>
    </p>

    <p class='ocr_par' dir='ltr' id='par_1_9' title="bbox 239 1694 1517 1815">
     <span class='ocr_line' id='line_1_22' title="bbox 625 1694 1517 1754; baseline 0.001 -17"><span class='ocrx_word' id='word_1_186' title='bbox 625 1696 819 1749; x_wconf 80' lang='grc' dir='ltr'><em>μηδέποτε</em></span> <span class='ocrx_word' id='word_1_187' title='bbox 849 1698 956 1754; x_wconf 81' lang='grc' dir='ltr'>γήμῃ</span> <span class='ocrx_word' id='word_1_188' title='bbox 988 1696 1088 1750; x_wconf 82' lang='grc' dir='ltr'><em>μηδὲ</em></span> <span class='ocrx_word' id='word_1_189' title='bbox 1120 1694 1174 1745; x_wconf 86' lang='grc' dir='ltr'>εἷς</span> <span class='ocrx_word' id='word_1_190' title='bbox 1203 1697 1321 1749; x_wconf 77' lang='grc' dir='ltr'>’ἐμοὶ</span> <span class='ocrx_word' id='word_1_191' title='bbox 1353 1699 1517 1749; x_wconf 83' lang='grc' dir='ltr'><strong>φίλος.</strong></span> 
     </span>
     <span class='ocr_line' id='line_1_23' title="bbox 239 1766 1366 1815; baseline 0 -10"><span class='ocrx_word' id='word_1_192' title='bbox 239 1776 318 1805; x_wconf 89' lang='lat' dir='ltr'>nec</span> <span class='ocrx_word' id='word_1_193' title='bbox 350 1766 559 1805; x_wconf 87' lang='lat' dir='ltr'>leniorem</span> <span class='ocrx_word' id='word_1_194' title='bbox 592 1775 771 1814; x_wconf 86' lang='lat' dir='ltr'>possum</span> <span class='ocrx_word' id='word_1_195' title='bbox 804 1766 1057 1815; x_wconf 83' lang='lat' dir='ltr'>excogitare</span> <span class='ocrx_word' id='word_1_196' title='bbox 1089 1766 1366 1805; x_wconf 85' lang='lat' dir='ltr'>medicinam.</span> 
     </span>
    </p>

    <p class='ocr_par' dir='ltr' id='par_1_10' title="bbox 181 1832 1449 1884">
     <span class='ocr_line' id='line_1_24' title="bbox 181 1832 1449 1884; baseline 0.001 -12"><span class='ocrx_word' id='word_1_197' title='bbox 181 1834 248 1873; x_wconf 86' lang='lat' dir='ltr'>Fr.</span> <span class='ocrx_word' id='word_1_198' title='bbox 283 1834 383 1873; x_wconf 87' lang='grc'><strong>803.</strong></span> <span class='ocrx_word' id='word_1_199' title='bbox 417 1833 598 1872; x_wconf 79' lang='lat' dir='ltr'>Temere</span> <span class='ocrx_word' id='word_1_200' title='bbox 629 1833 693 1872; x_wconf 87' lang='lat' dir='ltr'>Bl.</span> <span class='ocrx_word' id='word_1_201' title='bbox 726 1833 919 1884; x_wconf 80' lang='grc' dir='ltr'>δυσήνιον</span> <span class='ocrx_word' id='word_1_202' title='bbox 950 1848 988 1872; x_wconf 84' lang='grc' dir='ltr'>τε</span> <span class='ocrx_word' id='word_1_203' title='bbox 1021 1835 1097 1873; x_wconf 73' lang='lat' dir='ltr'>aut</span> <span class='ocrx_word' id='word_1_204' title='bbox 1128 1833 1327 1884; x_wconf 82' lang='grc' dir='ltr'>δύστηνόν</span> <span class='ocrx_word' id='word_1_205' title='bbox 1359 1832 1449 1873; x_wconf 81' lang='grc' dir='ltr'><strong>ἐστι.</strong></span> 
     </span>
    </p>

    <p class='ocr_par' dir='ltr' id='par_1_11' title="bbox 182 1900 1937 2020">
     <span class='ocr_line' id='line_1_25' title="bbox 182 1900 1937 1953; baseline 0.003 -13"><span class='ocrx_word' id='word_1_206' title='bbox 182 1901 251 1940; x_wconf 90' lang='lat' dir='ltr'>Fr.</span> <span class='ocrx_word' id='word_1_207' title='bbox 284 1902 384 1940; x_wconf 86' lang='lat'>806.</span> <span class='ocrx_word' id='word_1_208' title='bbox 433 1901 566 1940; x_wconf 79' lang='lat' dir='ltr'>Recte</span> <span class='ocrx_word' id='word_1_209' title='bbox 611 1901 727 1940; x_wconf 89' lang='lat' dir='ltr'>idem</span> <span class='ocrx_word' id='word_1_210' title='bbox 773 1900 865 1948; x_wconf 83' lang='grc' dir='ltr'><strong><em>τοὺς</em></strong></span> <span class='ocrx_word' id='word_1_211' title='bbox 911 1912 988 1951; x_wconf 90' lang='lat' dir='ltr'>pro</span> <span class='ocrx_word' id='word_1_212' title='bbox 1028 1901 1146 1953; x_wconf 84' lang='grc' dir='ltr'><strong>πρός,</strong></span> <span class='ocrx_word' id='word_1_213' title='bbox 1186 1912 1291 1941; x_wconf 87' lang='lat' dir='ltr'>nam</span> <span class='ocrx_word' id='word_1_214' title='bbox 1332 1903 1568 1951; x_wconf 89' lang='lat' dir='ltr'>requiritur</span> <span class='ocrx_word' id='word_1_215' title='bbox 1608 1905 1818 1945; x_wconf 86' lang='lat' dir='ltr'>articulus</span> <span class='ocrx_word' id='word_1_216' title='bbox 1858 1917 1937 1946; x_wconf 90' lang='lat' dir='ltr'>nec</span> 
     </span>
     <span class='ocr_line' id='line_1_26' title="bbox 238 1967 1212 2020; baseline -0.002 -11"><span class='ocrx_word' id='word_1_217' title='bbox 238 1980 445 2019; x_wconf 83' lang='lat' dir='ltr'>graecum</span> <span class='ocrx_word' id='word_1_218' title='bbox 478 1970 547 2009; x_wconf 78' lang='lat' dir='ltr'>est</span> <span class='ocrx_word' id='word_1_219' title='bbox 578 1967 690 2015; x_wconf 85' lang='grc' dir='ltr'><strong><em>δίκας</em></strong></span> <span class='ocrx_word' id='word_1_220' title='bbox 722 1967 951 2020; x_wconf 82' lang='grc' dir='ltr'><em>γράφεσθαι</em></span> <span class='ocrx_word' id='word_1_221' title='bbox 982 1968 1082 2020; x_wconf 82' lang='grc' dir='ltr'><strong><em>πρός</em></strong></span> <span class='ocrx_word' id='word_1_222' title='bbox 1113 1983 1212 2007; x_wconf 80' lang='grc' dir='ltr'><strong>τινα.</strong></span> 
     </span>
    </p>

    <p class='ocr_par' dir='ltr' id='par_1_12' title="bbox 180 2028 1938 2291">
     <span class='ocr_line' id='line_1_27' title="bbox 180 2028 1938 2094; baseline 0.002 -18"><span class='ocrx_word' id='word_1_223' title='bbox 180 2037 249 2077; x_wconf 89' lang='lat' dir='ltr'>Fr.</span> <span class='ocrx_word' id='word_1_224' title='bbox 282 2028 381 2094; x_wconf 61' lang='lat'>8155.</span> <span class='ocrx_word' id='word_1_225' title='bbox 425 2037 526 2076; x_wconf 88' lang='lat' dir='ltr'>Sine</span> <span class='ocrx_word' id='word_1_226' title='bbox 563 2046 695 2075; x_wconf 86' lang='lat' dir='ltr'>causa</span> <span class='ocrx_word' id='word_1_227' title='bbox 726 2036 841 2076; x_wconf 89' lang='lat' dir='ltr'>idem</span> <span class='ocrx_word' id='word_1_228' title='bbox 873 2033 923 2074; x_wconf 77' lang='grc' dir='ltr'>ἂν</span> <span class='ocrx_word' id='word_1_229' title='bbox 955 2035 1087 2090; x_wconf 75' lang='grc' dir='ltr'><strong>ῥᾷστα.</strong></span> <span class='ocrx_word' id='word_1_230' title='bbox 1119 2036 1180 2076; x_wconf 88' lang='lat' dir='ltr'>De</span> <span class='ocrx_word' id='word_1_231' title='bbox 1212 2037 1429 2077; x_wconf 88' lang='lat' dir='ltr'>industria</span> <span class='ocrx_word' id='word_1_232' title='bbox 1460 2040 1589 2087; x_wconf 86' lang='lat' dir='ltr'>poeta</span> <span class='ocrx_word' id='word_1_233' title='bbox 1620 2041 1938 2081; x_wconf 88' lang='lat' dir='ltr'>annominatio-</span> 
     </span>
     <span class='ocr_line' id='line_1_28' title="bbox 238 2103 1937 2156; baseline 0.003 -13"><span class='ocrx_word' id='word_1_234' title='bbox 238 2105 307 2143; x_wconf 88' lang='lat' dir='ltr'>nis</span> <span class='ocrx_word' id='word_1_235' title='bbox 348 2115 481 2144; x_wconf 88' lang='lat' dir='ltr'>causa</span> <span class='ocrx_word' id='word_1_236' title='bbox 521 2103 698 2152; x_wconf 86' lang='lat' dir='ltr'>scripsit</span> <span class='ocrx_word' id='word_1_237' title='bbox 738 2103 934 2154; x_wconf 81' lang='grc' dir='ltr'><strong>αἴσχιστα,</strong></span> <span class='ocrx_word' id='word_1_238' title='bbox 975 2106 1019 2143; x_wconf 89' lang='lat' dir='ltr'>et</span> <span class='ocrx_word' id='word_1_239' title='bbox 1049 2104 1196 2152; x_wconf 90' lang='lat' dir='ltr'>quidni</span> <span class='ocrx_word' id='word_1_240' title='bbox 1228 2103 1395 2154; x_wconf 81' lang='grc' dir='ltr'><em>αἰσχρῶς</em></span> <span class='ocrx_word' id='word_1_241' title='bbox 1427 2103 1562 2156; x_wconf 81' lang='grc' dir='ltr'><strong><em>φέρειν</em></strong></span> <span class='ocrx_word' id='word_1_242' title='bbox 1593 2121 1628 2144; x_wconf 83' lang='grc' dir='ltr'>τι</span> <span class='ocrx_word' id='word_1_243' title='bbox 1661 2108 1812 2147; x_wconf 90' lang='lat' dir='ltr'>eodem</span> <span class='ocrx_word' id='word_1_244' title='bbox 1845 2109 1937 2148; x_wconf 88' lang='lat' dir='ltr'>iure</span> 
     </span>
     <span class='ocr_line' id='line_1_29' title="bbox 227 2171 1935 2225; baseline 0.002 -14"><span class='ocrx_word' id='word_1_245' title='bbox 227 2173 407 2212; x_wconf 83' lang='lat' dir='ltr'>dicatur</span> <span class='ocrx_word' id='word_1_246' title='bbox 433 2182 515 2220; x_wconf 87' lang='lat' dir='ltr'>quo</span> <span class='ocrx_word' id='word_1_247' title='bbox 532 2172 690 2216; x_wconf 66' lang='lat' dir='ltr'>nal-629?</span> <span class='ocrx_word' id='word_1_248' title='bbox 718 2171 917 2210; x_wconf 87' lang='lat' dir='ltr'>Monetur</span> <span class='ocrx_word' id='word_1_249' title='bbox 933 2172 1079 2210; x_wconf 84' lang='lat' dir='ltr'>nescio</span> <span class='ocrx_word' id='word_1_250' title='bbox 1097 2171 1213 2220; x_wconf 89' lang='lat' dir='ltr'>quis,</span> <span class='ocrx_word' id='word_1_251' title='bbox 1235 2181 1288 2210; x_wconf 91' lang='lat' dir='ltr'>ne</span> <span class='ocrx_word' id='word_1_252' title='bbox 1306 2172 1468 2220; x_wconf 86' lang='lat' dir='ltr'>pudeat</span> <span class='ocrx_word' id='word_1_253' title='bbox 1485 2173 1628 2222; x_wconf 87' lang='lat' dir='ltr'>ipsum</span> <span class='ocrx_word' id='word_1_254' title='bbox 1647 2177 1935 2225; x_wconf 85' lang='lat' dir='ltr'>paupertatis,</span> 
     </span>
     <span class='ocr_line' id='line_1_30' title="bbox 238 2238 1934 2291; baseline 0.002 -12"><span class='ocrx_word' id='word_1_255' title='bbox 238 2240 299 2279; x_wconf 89' lang='lat' dir='ltr'>rei</span> <span class='ocrx_word' id='word_1_256' title='bbox 331 2251 406 2289; x_wconf 88' lang='lat' dir='ltr'>per</span> <span class='ocrx_word' id='word_1_257' title='bbox 436 2249 484 2278; x_wconf 90' lang='lat' dir='ltr'>se</span> <span class='ocrx_word' id='word_1_258' title='bbox 515 2248 601 2277; x_wconf 88' lang='lat' dir='ltr'>non</span> <span class='ocrx_word' id='word_1_259' title='bbox 632 2238 909 2288; x_wconf 87' lang='lat' dir='ltr'>inhonestae,</span> <span class='ocrx_word' id='word_1_260' title='bbox 943 2239 1019 2277; x_wconf 89' lang='lat' dir='ltr'>sed</span> <span class='ocrx_word' id='word_1_261' title='bbox 1052 2249 1161 2286; x_wconf 87' lang='lat' dir='ltr'>quae</span> <span class='ocrx_word' id='word_1_262' title='bbox 1192 2239 1346 2278; x_wconf 88' lang='lat' dir='ltr'>vitioso</span> <span class='ocrx_word' id='word_1_263' title='bbox 1373 2240 1535 2288; x_wconf 90' lang='lat' dir='ltr'>pudore</span> <span class='ocrx_word' id='word_1_264' title='bbox 1562 2240 1639 2281; x_wconf 87' lang='lat' dir='ltr'>fiat</span> <span class='ocrx_word' id='word_1_265' title='bbox 1665 2243 1934 2291; x_wconf 85' lang='lat' dir='ltr'>turpissima.</span> 
     </span>
    </p>

    <p class='ocr_par' dir='ltr' id='par_1_13' title="bbox 181 2304 1938 2557">
     <span class='ocr_line' id='line_1_31' title="bbox 181 2304 1937 2359; baseline 0.002 -14"><span class='ocrx_word' id='word_1_266' title='bbox 181 2307 248 2346; x_wconf 90' lang='lat' dir='ltr'>Fr.</span> <span class='ocrx_word' id='word_1_267' title='bbox 283 2308 381 2347; x_wconf 85' lang='lat'>813.</span> <span class='ocrx_word' id='word_1_268' title='bbox 415 2307 478 2346; x_wconf 85' lang='lat' dir='ltr'>Bl.</span> <span class='ocrx_word' id='word_1_269' title='bbox 513 2316 552 2345; x_wconf 90' lang='lat' dir='ltr'>v.</span> <span class='ocrx_word' id='word_1_270' title='bbox 580 2305 607 2344; x_wconf 94' lang='lat' dir='ltr'>l.</span> <span class='ocrx_word' id='word_1_271' title='bbox 652 2304 811 2359; x_wconf 82' lang='grc' dir='ltr'><em>σῴζεται</em></span> <span class='ocrx_word' id='word_1_272' title='bbox 852 2308 935 2352; x_wconf 83' lang='grc' dir='ltr'><strong><em>ταῖς</em></strong></span> <span class='ocrx_word' id='word_1_273' title='bbox 977 2304 1126 2344; x_wconf 81' lang='grc' dir='ltr'><strong><em>ἐλπίσιν</em></strong></span> <span class='ocrx_word' id='word_1_274' title='bbox 1159 2307 1306 2345; x_wconf 85' lang='lat' dir='ltr'>tuetur</span> <span class='ocrx_word' id='word_1_275' title='bbox 1338 2306 1461 2345; x_wconf 87' lang='lat' dir='ltr'>Pauli</span> <span class='ocrx_word' id='word_1_276' title='bbox 1494 2317 1559 2356; x_wconf 89' lang='lat' dir='ltr'>ep.</span> <span class='ocrx_word' id='word_1_277' title='bbox 1593 2309 1646 2347; x_wconf 87' lang='lat' dir='ltr'>ad</span> <span class='ocrx_word' id='word_1_278' title='bbox 1679 2309 1803 2349; x_wconf 88' lang='lat' dir='ltr'>Rom.</span> <span class='ocrx_word' id='word_1_279' title='bbox 1837 2310 1937 2349; x_wconf 92' lang='lat' dir='ltr'><strong>VIII</strong></span> 
     </span>
     <span class='ocr_line' id='line_1_32' title="bbox 242 2370 1938 2427; baseline 0.002 -14"><span class='ocrx_word' id='word_1_280' title='bbox 242 2375 296 2413; x_wconf 85' lang='lat'>24</span> <span class='ocrx_word' id='word_1_281' title='bbox 344 2374 488 2413; x_wconf 89' lang='lat' dir='ltr'>verbis</span> <span class='ocrx_word' id='word_1_282' title='bbox 533 2378 579 2427; x_wconf 77' lang='grc' dir='ltr'>τῇ</span> <span class='ocrx_word' id='word_1_283' title='bbox 625 2371 699 2424; x_wconf 74' lang='grc' dir='ltr'>γὰρ</span> <span class='ocrx_word' id='word_1_284' title='bbox 747 2370 872 2411; x_wconf 75' lang='grc' dir='ltr'><strong><em>ἐλπίδι</em></strong></span> <span class='ocrx_word' id='word_1_285' title='bbox 921 2371 1091 2427; x_wconf 80' lang='grc' dir='ltr'>σῴζεται.</span> <span class='ocrx_word' id='word_1_286' title='bbox 1133 2373 1182 2411; x_wconf 89' lang='lat' dir='ltr'>In</span> <span class='ocrx_word' id='word_1_287' title='bbox 1218 2373 1504 2413; x_wconf 87' lang='lat' dir='ltr'>Menandraea</span> <span class='ocrx_word' id='word_1_288' title='bbox 1535 2376 1685 2414; x_wconf 86' lang='lat' dir='ltr'>tamen</span> <span class='ocrx_word' id='word_1_289' title='bbox 1717 2378 1938 2416; x_wconf 88' lang='lat' dir='ltr'>sententia</span> 
     </span>
     <span class='ocr_line' id='line_1_33' title="bbox 238 2439 1935 2492; baseline 0.002 -12"><span class='ocrx_word' id='word_1_290' title='bbox 238 2442 494 2490; x_wconf 84' lang='lat' dir='ltr'>expectatur</span> <span class='ocrx_word' id='word_1_291' title='bbox 524 2441 670 2489; x_wconf 85' lang='lat' dir='ltr'>potius</span> <span class='ocrx_word' id='word_1_292' title='bbox 702 2439 882 2491; x_wconf 79' lang='grc' dir='ltr'><strong><em>βόσκεται</em></strong></span> <span class='ocrx_word' id='word_1_293' title='bbox 915 2441 983 2486; x_wconf 84' lang='lat' dir='ltr'>(cf.</span> <span class='ocrx_word' id='word_1_294' title='bbox 1018 2441 1115 2479; x_wconf 90' lang='lat' dir='ltr'>Eur.</span> <span class='ocrx_word' id='word_1_295' title='bbox 1149 2440 1309 2479; x_wconf 87' lang='lat' dir='ltr'>Phoen.</span> <span class='ocrx_word' id='word_1_296' title='bbox 1345 2441 1443 2490; x_wconf 85' lang='lat'>399,</span> <span class='ocrx_word' id='word_1_297' title='bbox 1482 2441 1638 2481; x_wconf 82' lang='lat' dir='ltr'>Bacch.</span> <span class='ocrx_word' id='word_1_298' title='bbox 1672 2444 1785 2492; x_wconf 86' lang='lat'>619),</span> <span class='ocrx_word' id='word_1_299' title='bbox 1824 2444 1935 2491; x_wconf 90' lang='lat' dir='ltr'>quod</span> 
     </span>
     <span class='ocr_line' id='line_1_34' title="bbox 239 2507 1284 2557; baseline -0.001 -11"><span class='ocrx_word' id='word_1_300' title='bbox 239 2508 424 2547; x_wconf 86' lang='lat' dir='ltr'>coniecit</span> <span class='ocrx_word' id='word_1_301' title='bbox 455 2508 499 2547; x_wconf 92' lang='lat' dir='ltr'>F.</span> <span class='ocrx_word' id='word_1_302' title='bbox 517 2508 585 2547; x_wconf 88' lang='lat' dir='ltr'>W.</span> <span class='ocrx_word' id='word_1_303' title='bbox 604 2507 804 2546; x_wconf 87' lang='lat' dir='ltr'>Schmidt</span> <span class='ocrx_word' id='word_1_304' title='bbox 835 2508 1046 2557; x_wconf 87' lang='lat' dir='ltr'>probante</span> <span class='ocrx_word' id='word_1_305' title='bbox 1078 2507 1284 2546; x_wconf 84' lang='lat' dir='ltr'>Nauckio.</span> 
     </span>
    </p>

    <p class='ocr_par' dir='ltr' id='par_1_14' title="bbox 181 2570 1936 2828">
     <span class='ocr_line' id='line_1_35' title="bbox 181 2570 1936 2625; baseline 0.002 -12"><span class='ocrx_word' id='word_1_306' title='bbox 181 2575 249 2614; x_wconf 86' lang='lat' dir='ltr'>Fr.</span> <span class='ocrx_word' id='word_1_307' title='bbox 282 2575 380 2615; x_wconf 81' lang='grc'><strong>815.</strong></span> <span class='ocrx_word' id='word_1_308' title='bbox 423 2572 486 2613; x_wconf 78' lang='grc' dir='ltr'>ἐπὶ</span> <span class='ocrx_word' id='word_1_309' title='bbox 521 2570 622 2613; x_wconf 79' lang='grc' dir='ltr'>τοῦτ’</span> <span class='ocrx_word' id='word_1_310' title='bbox 666 2571 845 2625; x_wconf 78' lang='grc' dir='ltr'><em>ἐγένοντο</em></span> <span class='ocrx_word' id='word_1_311' title='bbox 887 2574 1049 2624; x_wconf 80' lang='grc' dir='ltr'><strong>πάντες,</strong></span> <span class='ocrx_word' id='word_1_312' title='bbox 1089 2573 1219 2612; x_wconf 74' lang='grc' dir='ltr'><em>ἔνθα</em></span> <span class='ocrx_word' id='word_1_313' title='bbox 1251 2572 1485 2623; x_wconf 79' lang='grc' dir='ltr'><strong>λήξομεν.</strong></span> <span class='ocrx_word' id='word_1_314' title='bbox 1528 2575 1717 2624; x_wconf 78' lang='lat' dir='ltr'>Recepta</span> <span class='ocrx_word' id='word_1_315' title='bbox 1756 2578 1936 2616; x_wconf 87' lang='lat' dir='ltr'>Porsoni</span> 
     </span>
     <span class='ocr_line' id='line_1_36' title="bbox 240 2639 1935 2691; baseline 0.001 -10"><span class='ocrx_word' id='word_1_316' title='bbox 240 2642 447 2681; x_wconf 89' lang='lat' dir='ltr'>correctio</span> <span class='ocrx_word' id='word_1_317' title='bbox 479 2639 620 2679; x_wconf 80' lang='grc' dir='ltr'><em>ἐνθάδ’</em></span> <span class='ocrx_word' id='word_1_318' title='bbox 656 2639 800 2691; x_wconf 77' lang='grc' dir='ltr'><em>ἥξομεν</em></span> <span class='ocrx_word' id='word_1_319' title='bbox 832 2641 1063 2681; x_wconf 86' lang='lat' dir='ltr'>obscuram</span> <span class='ocrx_word' id='word_1_320' title='bbox 1096 2641 1274 2690; x_wconf 88' lang='lat' dir='ltr'>praebet</span> <span class='ocrx_word' id='word_1_321' title='bbox 1305 2642 1590 2691; x_wconf 87' lang='lat' dir='ltr'>sententiam,</span> <span class='ocrx_word' id='word_1_322' title='bbox 1630 2653 1739 2691; x_wconf 85' lang='lat' dir='ltr'>quae</span> <span class='ocrx_word' id='word_1_323' title='bbox 1770 2654 1856 2683; x_wconf 93' lang='lat' dir='ltr'>non</span> <span class='ocrx_word' id='word_1_324' title='bbox 1888 2644 1935 2683; x_wconf 85' lang='lat' dir='ltr'>fit</span> 
     </span>
     <span class='ocr_line' id='line_1_37' title="bbox 241 2695 1934 2761; baseline 0.002 -14"><span class='ocrx_word' id='word_1_325' title='bbox 241 2708 397 2747; x_wconf 88' lang='lat' dir='ltr'>clarior</span> <span class='ocrx_word' id='word_1_326' title='bbox 427 2708 647 2756; x_wconf 85' lang='lat' dir='ltr'>Blaydesii</span> <span class='ocrx_word' id='word_1_327' title='bbox 679 2710 929 2748; x_wconf 83' lang='lat' dir='ltr'>coniectura</span> <span class='ocrx_word' id='word_1_328' title='bbox 960 2695 1022 2747; x_wconf 67' lang='grc' dir='ltr'>ἐπὶ</span> <span class='ocrx_word' id='word_1_329' title='bbox 1053 2704 1176 2747; x_wconf 81' lang='grc' dir='ltr'><em>τοῖσδ’</em></span> <span class='ocrx_word' id='word_1_330' title='bbox 1206 2708 1300 2747; x_wconf 91' lang='lat' dir='ltr'>sive</span> <span class='ocrx_word' id='word_1_331' title='bbox 1326 2714 1376 2761; x_wconf 82' lang='grc' dir='ltr'>τῷ</span> <span class='ocrx_word' id='word_1_332' title='bbox 1410 2705 1460 2746; x_wconf 78' lang='grc' dir='ltr'>δ’.</span> <span class='ocrx_word' id='word_1_333' title='bbox 1496 2709 1623 2748; x_wconf 90' lang='lat' dir='ltr'>Venit</span> <span class='ocrx_word' id='word_1_334' title='bbox 1646 2711 1688 2749; x_wconf 88' lang='lat' dir='ltr'>in</span> <span class='ocrx_word' id='word_1_335' title='bbox 1716 2713 1934 2750; x_wconf 88' lang='lat' dir='ltr'>mentem:</span> 
     </span>
     <span class='ocr_line' id='line_1_38' title="bbox 241 2771 1562 2828; baseline 0 -15"><span class='ocrx_word' id='word_1_336' title='bbox 241 2773 415 2816; x_wconf 78' lang='grc' dir='ltr'><em>ἔπειτ&lt;α</em></span> <span class='ocrx_word' id='word_1_337' title='bbox 448 2772 489 2814; x_wconf 77' lang='grc' dir='ltr'>δὲ</span> <span class='ocrx_word' id='word_1_338' title='bbox 513 2773 529 2827; x_wconf 83' lang='grc' dir='ltr'>ΙΙ</span> <span class='ocrx_word' id='word_1_339' title='bbox 553 2774 600 2814; x_wconf 84' lang='grc' dir='ltr'>οὐ</span> <span class='ocrx_word' id='word_1_340' title='bbox 632 2774 939 2828; x_wconf 80' lang='grc' dir='ltr'><em>παρ&gt;εγένοντο</em></span> <span class='ocrx_word' id='word_1_341' title='bbox 972 2776 1134 2825; x_wconf 82' lang='grc' dir='ltr'><strong>πάντες,</strong></span> <span class='ocrx_word' id='word_1_342' title='bbox 1165 2771 1267 2813; x_wconf 74' lang='grc' dir='ltr'>ἕνθ’</span> <span class='ocrx_word' id='word_1_343' title='bbox 1304 2773 1562 2826; x_wconf 80' lang='grc' dir='ltr'><strong>ἐλέξαμεν.</strong></span> 
     </span>
    </p>

    <p class='ocr_par' dir='ltr' id='par_1_15' title="bbox 182 2841 1938 3229">
     <span class='ocr_line' id='line_1_39' title="bbox 182 2841 1935 2895; baseline 0.001 -13"><span class='ocrx_word' id='word_1_344' title='bbox 182 2843 250 2883; x_wconf 84' lang='lat' dir='ltr'>Fr.</span> <span class='ocrx_word' id='word_1_345' title='bbox 283 2844 382 2883; x_wconf 82' lang='lat'>820.</span> <span class='ocrx_word' id='word_1_346' title='bbox 415 2849 495 2882; x_wconf 82' lang='grc' dir='ltr'>πᾶν</span> <span class='ocrx_word' id='word_1_347' title='bbox 526 2841 748 2895; x_wconf 79' lang='grc' dir='ltr'><strong><em>τοῦργον</em></strong></span> <span class='ocrx_word' id='word_1_348' title='bbox 780 2841 913 2895; x_wconf 80' lang='grc' dir='ltr'><em>ὀρθῶς</em></span> <span class='ocrx_word' id='word_1_349' title='bbox 946 2842 1134 2894; x_wconf 78' lang='grc' dir='ltr'><em>ἐκμαθεῖν</em></span> <span class='ocrx_word' id='word_1_350' title='bbox 1166 2842 1310 2893; x_wconf 82' lang='grc' dir='ltr'><em>χρόνου</em></span> <span class='ocrx_word' id='word_1_351' title='bbox 1344 2841 1449 2892; x_wconf 82' lang='grc' dir='ltr'><strong>μέτα.</strong></span> <span class='ocrx_word' id='word_1_352' title='bbox 1482 2844 1545 2882; x_wconf 93' lang='lat' dir='ltr'>Bl.</span> <span class='ocrx_word' id='word_1_353' title='bbox 1575 2849 1656 2881; x_wconf 84' lang='grc' dir='ltr'>πᾶν</span> <span class='ocrx_word' id='word_1_354' title='bbox 1683 2842 1840 2883; x_wconf 80' lang='grc' dir='ltr'><strong><em>τοῦστιν</em></strong></span> <span class='ocrx_word' id='word_1_355' title='bbox 1868 2846 1935 2884; x_wconf 89' lang='lat' dir='ltr'>vel</span> 
     </span>
     <span class='ocr_line' id='line_1_40' title="bbox 240 2905 1936 2960; baseline 0.001 -11"><span class='ocrx_word' id='word_1_356' title='bbox 240 2917 321 2949; x_wconf 80' lang='grc' dir='ltr'>πᾶν</span> <span class='ocrx_word' id='word_1_357' title='bbox 362 2909 475 2949; x_wconf 80' lang='grc' dir='ltr'><strong>ἔστιν.</strong></span> <span class='ocrx_word' id='word_1_358' title='bbox 516 2910 698 2959; x_wconf 89' lang='lat' dir='ltr'>Utrique</span> <span class='ocrx_word' id='word_1_359' title='bbox 738 2911 900 2950; x_wconf 86' lang='lat' dir='ltr'>saltem</span> <span class='ocrx_word' id='word_1_360' title='bbox 942 2910 1224 2960; x_wconf 88' lang='lat' dir='ltr'>praetulerim</span> <span class='ocrx_word' id='word_1_361' title='bbox 1265 2905 1374 2947; x_wconf 80' lang='grc' dir='ltr'><em>πάντ’</em></span> <span class='ocrx_word' id='word_1_362' title='bbox 1410 2908 1533 2960; x_wconf 77' lang='grc' dir='ltr'><strong>ἔστιν,</strong></span> <span class='ocrx_word' id='word_1_363' title='bbox 1570 2920 1672 2950; x_wconf 89' lang='lat' dir='ltr'>nam</span> <span class='ocrx_word' id='word_1_364' title='bbox 1705 2912 1748 2950; x_wconf 89' lang='lat' dir='ltr'>in</span> <span class='ocrx_word' id='word_1_365' title='bbox 1780 2911 1858 2950; x_wconf 87' lang='lat' dir='ltr'>tali</span> <span class='ocrx_word' id='word_1_366' title='bbox 1890 2922 1936 2951; x_wconf 90' lang='lat' dir='ltr'>re</span> 
     </span>
     <span class='ocr_line' id='line_1_41' title="bbox 241 2976 1934 3027; baseline -0.001 -9"><span class='ocrx_word' id='word_1_367' title='bbox 241 2978 451 3018; x_wconf 84' lang='lat' dir='ltr'>Graecum</span> <span class='ocrx_word' id='word_1_368' title='bbox 485 2980 554 3018; x_wconf 86' lang='lat' dir='ltr'>est</span> <span class='ocrx_word' id='word_1_369' title='bbox 584 2977 731 3027; x_wconf 80' lang='grc' dir='ltr'><strong>πάντα,</strong></span> <span class='ocrx_word' id='word_1_370' title='bbox 762 2980 811 3017; x_wconf 91' lang='lat' dir='ltr'>ut</span> <span class='ocrx_word' id='word_1_371' title='bbox 842 2978 1046 3017; x_wconf 84' lang='lat' dir='ltr'>Latinum</span> <span class='ocrx_word' id='word_1_372' title='bbox 1081 2977 1275 3016; x_wconf 86' lang='lat' dir='ltr'>omnia.</span> <span class='ocrx_word' id='word_1_373' title='bbox 1320 2976 1363 3015; x_wconf 85' lang='lat' dir='ltr'>Si</span> <span class='ocrx_word' id='word_1_374' title='bbox 1391 2977 1570 3015; x_wconf 90' lang='lat' dir='ltr'>moralis</span> <span class='ocrx_word' id='word_1_375' title='bbox 1603 2978 1822 3017; x_wconf 88' lang='lat' dir='ltr'>sententia</span> <span class='ocrx_word' id='word_1_376' title='bbox 1849 2979 1934 3027; x_wconf 87' lang='lat' dir='ltr'>est,</span> 
     </span>
     <span class='ocr_line' id='line_1_42' title="bbox 241 3043 1938 3094; baseline -0.001 -10"><span class='ocrx_word' id='word_1_377' title='bbox 241 3045 329 3085; x_wconf 89' lang='lat' dir='ltr'>tale</span> <span class='ocrx_word' id='word_1_378' title='bbox 373 3046 473 3094; x_wconf 89' lang='lat' dir='ltr'>quid</span> <span class='ocrx_word' id='word_1_379' title='bbox 521 3045 666 3094; x_wconf 91' lang='lat' dir='ltr'>procul</span> <span class='ocrx_word' id='word_1_380' title='bbox 700 3043 843 3084; x_wconf 84' lang='lat' dir='ltr'>&#39;dubio</span> <span class='ocrx_word' id='word_1_381' title='bbox 890 3045 1136 3093; x_wconf 87' lang='lat' dir='ltr'>requiritur,</span> <span class='ocrx_word' id='word_1_382' title='bbox 1181 3043 1255 3082; x_wconf 90' lang='lat' dir='ltr'>sed</span> <span class='ocrx_word' id='word_1_383' title='bbox 1297 3043 1392 3091; x_wconf 85' lang='lat' dir='ltr'>quis</span> <span class='ocrx_word' id='word_1_384' title='bbox 1435 3046 1628 3091; x_wconf 88' lang='lat' dir='ltr'>praestet</span> <span class='ocrx_word' id='word_1_385' title='bbox 1667 3045 1774 3083; x_wconf 85' lang='lat' dir='ltr'>haec</span> <span class='ocrx_word' id='word_1_386' title='bbox 1806 3044 1938 3084; x_wconf 88' lang='lat' dir='ltr'>verba</span> 
     </span>
     <span class='ocr_line' id='line_1_43' title="bbox 240 3110 1936 3162; baseline -0.001 -11"><span class='ocrx_word' id='word_1_387' title='bbox 240 3122 326 3152; x_wconf 91' lang='lat' dir='ltr'>non</span> <span class='ocrx_word' id='word_1_388' title='bbox 358 3114 564 3162; x_wconf 87' lang='lat' dir='ltr'>excerpta</span> <span class='ocrx_word' id='word_1_389' title='bbox 595 3122 692 3151; x_wconf 87' lang='lat' dir='ltr'>esse</span> <span class='ocrx_word' id='word_1_390' title='bbox 724 3123 746 3151; x_wconf 91' lang='lat' dir='ltr'>e</span> <span class='ocrx_word' id='word_1_391' title='bbox 778 3112 888 3162; x_wconf 87' lang='lat' dir='ltr'>loco,</span> <span class='ocrx_word' id='word_1_392' title='bbox 934 3112 1005 3151; x_wconf 89' lang='lat' dir='ltr'>ubi</span> <span class='ocrx_word' id='word_1_393' title='bbox 1038 3111 1247 3160; x_wconf 79' lang='lat' dir='ltr'>agebatur</span> <span class='ocrx_word' id='word_1_394' title='bbox 1279 3110 1330 3148; x_wconf 88' lang='lat' dir='ltr'>de</span> <span class='ocrx_word' id='word_1_395' title='bbox 1363 3112 1481 3149; x_wconf 86' lang='lat' dir='ltr'>certa</span> <span class='ocrx_word' id='word_1_396' title='bbox 1512 3111 1697 3158; x_wconf 82' lang='lat' dir='ltr'>quadam</span> <span class='ocrx_word' id='word_1_397' title='bbox 1731 3121 1793 3159; x_wconf 89' lang='lat' dir='ltr'>re,</span> <span class='ocrx_word' id='word_1_398' title='bbox 1829 3121 1936 3159; x_wconf 84' lang='lat' dir='ltr'>quac</span> 
     </span>
     <span class='ocr_line' id='line_1_44' title="bbox 239 3177 1936 3229; baseline -0.002 -10"><span class='ocrx_word' id='word_1_399' title='bbox 239 3189 323 3219; x_wconf 90' lang='lat' dir='ltr'>non</span> <span class='ocrx_word' id='word_1_400' title='bbox 356 3180 440 3219; x_wconf 90' lang='lat' dir='ltr'>nisi</span> <span class='ocrx_word' id='word_1_401' title='bbox 474 3182 669 3229; x_wconf 87' lang='lat' dir='ltr'>tempore</span> <span class='ocrx_word' id='word_1_402' title='bbox 701 3179 934 3219; x_wconf 83' lang='lat' dir='ltr'>adiuvante</span> <span class='ocrx_word' id='word_1_403' title='bbox 962 3179 1135 3228; x_wconf 87' lang='lat' dir='ltr'>penitus</span> <span class='ocrx_word' id='word_1_404' title='bbox 1167 3177 1367 3227; x_wconf 86' lang='lat' dir='ltr'>cognosci</span> <span class='ocrx_word' id='word_1_405' title='bbox 1399 3187 1527 3225; x_wconf 88' lang='lat' dir='ltr'>posse</span> <span class='ocrx_word' id='word_1_406' title='bbox 1559 3178 1715 3226; x_wconf 84' lang='lat' dir='ltr'>aliquis</span> <span class='ocrx_word' id='word_1_407' title='bbox 1747 3178 1936 3217; x_wconf 77' lang='lat' dir='ltr'>dixerit?</span> 
     </span>
    </p>
   </div>
   <div class='ocr_carea' id='block_1_4' title="bbox 241 3245 1794 3341">
    <p class='ocr_par' dir='ltr' id='par_1_16' title="bbox 241 3245 1794 3341">
     <span class='ocr_line' id='line_1_45' title="bbox 241 3245 1166 3295; baseline -0.003 -9"><span class='ocrx_word' id='word_1_408' title='bbox 241 3245 380 3295; x_wconf 81' lang='lat' dir='ltr'>Quare</span> <span class='ocrx_word' id='word_1_409' title='bbox 413 3247 585 3286; x_wconf 86' lang='lat' dir='ltr'>cautius</span> <span class='ocrx_word' id='word_1_410' title='bbox 617 3248 686 3286; x_wconf 84' lang='lat' dir='ltr'>est</span> <span class='ocrx_word' id='word_1_411' title='bbox 717 3245 937 3285; x_wconf 85' lang='lat' dir='ltr'>abstinere</span> <span class='ocrx_word' id='word_1_412' title='bbox 970 3255 1166 3284; x_wconf 84' lang='lat' dir='ltr'>manum.</span> 
     </span>
     <span class='ocr_line' id='line_1_46' title="bbox 1760 3314 1794 3341; baseline 0 0"><span class='ocrx_word' id='word_1_413' title='bbox 1760 3314 1794 3341; x_wconf 79' lang='grc'>12</span> 
     </span>
    </p>
   </div>
  </div>
 </body>
</html>
