2216 3522
741 1036 1000 1089 CAPUT
1035 1036 1488 1091 SECUNDUM.

702 1354 775 1391 Ad
807 1355 973 1392 Kockii
1001 1355 1226 1392 volumen
1255 1356 1529 1392 seeundum.

233 1490 519 1548 Antiphanis
549 1493 601 1533 fr.
638 1493 675 1543 1,
709 1493 750 1532 4.
798 1493 1023 1533 Traditam
1064 1493 1297 1533 lectionem
1340 1494 1488 1532 tuetur
1528 1492 1612 1542 Bl.,
1656 1491 1755 1532 coll.
1798 1490 1993 1530 eiusdem

286 1563 440 1612 poetae
486 1561 538 1601 fr.
585 1562 681 1611 176,
715 1561 756 1610 4,
806 1561 922 1600 male
968 1563 1117 1610 spreta
1162 1561 1330 1610 optima
1375 1561 1435 1599 ibi
1481 1560 1684 1600 Meinekii
1730 1558 1995 1599 correctione

287 1626 533 1681 κατέχοντας.
580 1628 663 1669 Cft.
706 1628 843 1668 etiam
881 1628 1033 1668 Eubul.
1068 1629 1138 1678 37,
1173 1629 1218 1677 3;
1262 1629 1331 1678 64,
1371 1630 1406 1668 1.
1449 1628 1604 1667 Melius
1643 1626 1837 1667 defendit
1878 1624 1995 1676 ὅλην,

289 1707 350 1737 sc.
382 1694 456 1746 τὴν
487 1696 630 1735 κύλικα
660 1696 705 1735 in
736 1695 790 1735 fr.
825 1697 864 1746 3,
903 1697 939 1736 1.
1202 1694 1207 1698 ”

230 1765 299 1805 Fr.
333 1766 375 1804 4.
407 1764 504 1804 Non
535 1764 652 1804 male
682 1765 798 1804 idem
832 1759 1007 1814 ἐκαλεῖτ’,
1037 1759 1118 1803 εἶτα
1150 1774 1227 1814 pro
1259 1762 1451 1815 ἐκαλεῖτο,
1482 1764 1557 1803 sed
1585 1764 1661 1804 vix
1687 1765 1804 1803 recte
1830 1763 1880 1802 fr.
1909 1763 1948 1811 5,
1968 1762 1992 1800 2

288 1828 417 1873 δύναι’
453 1829 503 1870 ἂν
534 1843 612 1882 pro
645 1832 887 1883 δυνάμενος,
916 1832 1030 1881 quod
1063 1842 1221 1871 sanum
1254 1832 1439 1881 videtur,
1468 1833 1513 1871 et
1535 1832 1630 1872 sine
1656 1841 1791 1871 causa
1806 1831 1858 1870 fr.
1882 1824 1949 1880 16',
1969 1831 1993 1868 2

287 1898 638 1948 ἀσυνάκολουθοςς
684 1911 765 1941 nec
805 1900 931 1940 video
973 1900 1283 1940 necessitatem
1317 1900 1369 1940 fr.
1406 1900 1471 1950 18,
1507 1901 1532 1939 3
1576 1899 1794 1939 scribendi
1826 1900 1996 1950 προσλα-

286 1969 390 2021 βών,
421 1971 499 2009 aut
528 1979 593 2009 vs,
626 1972 653 2009 4
684 1968 806 2020 μόνος
836 1971 965 2019 θεῶν,
994 1968 1067 2007 ubi
1098 1969 1151 2008 ad
1183 1979 1248 2008 vs.
1283 1970 1308 2008 6
1342 1968 1415 2007 eft.
1449 1968 1578 2017 Soph.
1610 1967 1677 2007 Ai.
1711 1967 1810 2006 926.

230 2037 298 2077 Fr.
333 2038 403 2087 20,
440 2038 477 2077 1.
509 2035 603 2088 κρέα
636 2034 679 2076 δὲ
709 2036 815 2084 τίνος
854 2035 978 2077 <ἂν>
1013 2037 1130 2077 idem
1172 2037 1321 2076 minus
1351 2046 1586 2075 numerose
1617 2045 1749 2084 quam
1780 2033 1975 2074 Meineke

287 2106 362 2154 qui
385 2103 501 2156 κρέας
528 2106 722 2155 corrigit,
750 2106 905 2146 deinde
932 2104 1046 2153 ὄτους
1073 2107 1164 2154 (pro
1189 2103 1296 2151 τινός
1307 2106 1357 2154 ς),
1387 2104 1499 2152 quod
1526 2114 1631 2143 sane
1654 2102 1919 2143 consuetius
1946 2123 1994 2129 —

287 2171 362 2212 Vs.
394 2173 435 2213 6.
468 2172 562 2212 Non
594 2173 739 2222 inepte
770 2174 946 2223 supplet
986 2171 1142 2213 ταυτ<ὶ
1173 2170 1219 2211 τὰ
1251 2168 1377 2222 aff>
1414 2170 1576 2222 ἐσθίων,
1606 2171 1682 2210 sed
1714 2170 1859 2219 magis
1887 2169 1996 2209 mihi

286 2239 567 2279 abblanditur
597 2240 825 2289 ingeniosa
856 2240 1009 2280 Kockii
1042 2240 1305 2280 coniectura.

228 2307 296 2347 Fr.
331 2308 401 2347 21.
435 2306 601 2346 κλισίον.
635 2307 699 2346 Bl.
733 2308 905 2347 dubitat
937 2318 993 2347 an
1019 2308 1079 2347 sit
1103 2307 1266 2346 κλίσιον.
1294 2307 1475 2346 Rectius
1499 2306 1685 2346 Dindorf
1707 2307 1752 2345 in
1769 2306 1994 2345 Thesauro

289 2374 349 2413 IV
378 2385 420 2424 p.
457 2375 572 2414 1653
604 2385 640 2415 S.
673 2386 714 2415 v.
748 2375 932 2424 requirit
962 2374 1146 2414 κλεισίον·

230 2442 298 2483 Fr.
341 2442 410 2492 24,
456 2442 496 2482 3.
543 2438 574 2494 γ’
621 2452 722 2482 cum
769 2442 833 2483 Bl.
876 2442 1032 2482 abesse
1079 2441 1252 2492 malim,
1305 2442 1379 2490 qui
1425 2441 1580 2481 deinde
1631 2442 1758 2481 acute
1811 2439 1997 2479 coniecit

291 2503 407 2556 οὗτος
438 2531 493 2536 —-—
526 2508 647 2560 μόνος
689 2505 764 2549 οἷδ’
812 2507 865 2556 ὡς
908 2508 995 2560 ἐμοὶ
1035 2509 1386 2560 κεραννύναι,
1431 2508 1582 2548 dubito
1613 2510 1764 2548 tamen
1797 2517 1903 2546 num
1934 2507 1998 2545 ita

290 2577 407 2616 recte
438 2586 486 2616 se
517 2576 679 2617 habeat
710 2575 773 2625 ὡς.
804 2577 953 2618 Possis
986 2578 1165 2628 διψῶσα,
1195 2576 1317 2628 μόνος
1356 2570 1470 2617 <εὗ>
1509 2571 1586 2615 οἷδ’
1627 2573 1714 2626 ἐμοὶ
1738 2574 1998 2626 κεραννύναι,

289 2643 365 2683 sed
397 2643 586 2684 fortasse
616 2645 727 2684 nihil
758 2654 921 2685 novare
952 2646 1171 2695 praestat3
1204 2643 1443 2695 κεράννυται
1461 2658 1516 2675 =
1534 2642 1808 2695 κεράννυσθαι
1841 2641 1996 2681 εἴωθεν.

232 2710 300 2750 Fr.
335 2711 404 2757 26,
439 2711 478 2751 3.
526 2709 580 2762 μὴ
625 2711 735 2762 φωσί
774 2723 844 2763 σε,
869 2710 875 2764 Ι
905 2711 1082 2763 Δωριάς,
1131 2709 1326 2758 ἀλούτους
1367 2710 1512 2762 σηπίας
1555 2707 1856 2761 εἰληφέναι,
1902 2708 1994 2749 scil.

291 2774 380 2830 παρ’
429 2776 540 2829 ἐμοῦ.
581 2779 704 2819 Kock
737 2783 796 2820 'de
838 2780 1089 2820 coniectura
1126 2789 1207 2819 sua
1249 2789 1340 2818 σου
1383 2778 1535 2827 edidit,
1579 2788 1710 2826 quem
1742 2777 1996 2827 genetivum

292 2855 444 2886 vereor
499 2848 548 2886 ut
597 2847 801 2896 exempla
852 2847 1032 2887 Homeri
1080 2849 1125 2886 et
1172 2846 1398 2896 Sophoclis
1439 2845 1671 2885 verborum
1714 2842 1898 2896 δέχεσθαι
1955 2845 1998 2883 et

290 2914 523 2964 κομίζεσθαι
559 2915 602 2954 in
643 2917 773 2964 poeta
812 2915 979 2955 comico
1021 2916 1242 2963 tueantur,
1286 2915 1336 2953 ut
1377 2913 1554 2953 mittam
1595 2912 1707 2953 tales
1738 2913 1879 2962 pisces
1910 2921 1996 2951 em-

290 2982 408 3021 tores
434 2981 510 3021 vix
542 2983 799 3036 accepturos
830 2982 985 3032 fuisse,
1014 2982 1161 3030 itaque
1194 2983 1347 3030 aptum
1374 2990 1461 3020 non
1487 2989 1586 3019 esse
1612 2978 1825 3031 εἰληφέναι.
1851 2979 1997 3018 Etiam

290 3048 439 3089 minus
483 3048 616 3099 probo
662 3049 1031 3089 violentissimam
1068 3048 1289 3097 Blaydesii
1325 3047 1623 3087 coniecturam
1658 3044 1921 3098 πεπρακέναι,
1953 3046 1998 3085 et

291 3115 401 3155 nihil
440 3116 702 3156 mutandum
745 3126 842 3156 esse
884 3116 1038 3156 iudico.
1075 3138 1125 3144 —
1160 3114 1234 3154 Vs.
1272 3116 1310 3154 7.
1353 3111 1588 3164 κατέδετᾶρα
1627 3115 1745 3154 recte
1781 3112 1995 3161 Meineke,

292 3182 376 3222 nisi
422 3183 534 3231 quod
575 3182 729 3222 malim
768 3177 1017 3233 κατέδετᾶρα.
1053 3204 1104 3210 -
1148 3181 1223 3220 Vs.
1270 3181 1336 3221 13.
1385 3178 1585 3220 κατέδεται
1626 3184 1717 3231 (pro
1758 3181 1996 3221 sanissimo

290 3248 472 3300 λήψεται)
504 3249 823 3290 violentissime
853 3250 917 3291 Bl.
950 3261 1031 3290 nec
1062 3249 1223 3289 melius
1256 3259 1320 3288 vs.
1359 3249 1409 3287 17
1444 3247 1503 3286 ἀεὶ
1538 3245 1575 3287 δ’
1611 3260 1687 3298 pro
1720 3247 1782 3286 uni
1819 3249 1915 3298 μήν.
1955 3250 1993 3286 in
