2216 3522
1102 181 1181 220 151

257 302 326 342 Fr.
359 303 429 352 46,
465 304 504 343 2.
537 302 603 342 καὶ
635 305 877 356 φυσώμενον
909 306 974 346 ΒΙ.
996 328 1048 334 -
1067 305 1141 345 Vs.
1162 306 1200 345 3.
1230 305 1345 344 τονδί
1369 320 1407 344 τε
1435 308 1478 346 et
1495 317 1668 347 mecum
1690 309 2021 358 Ἀστ<ερ>ίωνος

317 369 381 409 Bl.
414 371 459 409 et
489 371 704 411 inutiliter
735 372 928 424 Ἀστερίου
961 387 1010 412 τε.
1049 373 1147 422 Ipse
1181 383 1351 422 quoque
1383 373 1615 422 Gigantem
1647 374 1714 420 (cf.
1748 374 1882 421 Kock)
1910 375 2022 415 vole-

315 436 437 485 bam,
470 448 601 487 quem
632 449 719 481 non
750 440 1028 480 distinxerim
1062 440 1117 480 ab
1150 450 1200 480 eo
1232 440 1306 489 qui
1337 450 1363 479 a
1389 441 1606 481 Pausania
1634 444 2022 492 commemoratur,

302 500 731 555 *cuiusrperpendas
772 507 907 547 velim
951 507 1109 547 ultima
1150 507 1286 547 verba
1318 505 1395 558 ἔχει
1433 504 1469 546 ‹3’
1507 502 1581 547 οὖν
1613 506 1633 547 ὁ
1667 508 1803 560 νεκρὸς
1835 507 1956 548 οὐδέν
1987 524 2021 547 τι

318 574 431 622 μεῖον
462 578 601 624 πηχῶν
632 571 738 612 δέκα.

260 638 329 678 Fr.
361 639 431 679 47.
464 639 528 679 Bl.
562 643 739 690 propter
768 642 986 683 Athenaei
1017 642 1151 682 verba
1182 642 1309 681 malit
1339 647 1469 689 κακῶς
1500 641 1634 694 λέγεις.

261 706 330 745 Fr.
363 707 433 757 52,
468 708 508 748 2.
541 706 662 760 ἔγωγε
692 707 759 747 καὶ
791 709 963 761 ξύστραν
994 723 1038 762 γε
1067 709 1133 749 Bl.

261 773 329 814 Fr.
363 775 433 824 54,
468 775 507 814 2.
555 771 586 827 γ’
631 774 753 828 ἄκρας
794 778 889 817 sine
937 787 1071 818 causa
1117 777 1252 825 idem;
1300 775 1420 828 ἄκρος
1466 777 1700 826 Headlam;
1743 777 1835 818 fieri
1880 780 2025 827 potest

321 843 371 881 ut
401 844 533 883 recte.

262 909 331 950 Fr.
364 911 435 960 55,
472 912 508 951 1.
551 910 651 963 πρὸς
683 910 746 951 ἐπὶ
776 912 931 960 τούτοις
962 914 1129 953 temere
1161 913 1245 963 Bl.‚
1278 912 1438 952 melius
1469 923 1713 962 proponens
1744 909 1894 964 προσέτ’
1929 911 2024 963 ἔχεις

321 982 418 1028 νῦν,
457 988 541 1027 quo
583 981 737 1029 aptum
780 980 964 1020 verbum
1004 980 1238 1020 lucramur.
1284 980 1364 1018 Sed
1397 980 1494 1028 quis
1525 981 1666 1029 novit,
1700 980 1802 1028 quid
1833 981 2023 1019 anteces-

322 1045 461 1085 serit?
480 1069 532 1074 —
566 1046 641 1087 Vs.
659 1048 700 1096 3.
733 1043 812 1086 ἀλλ’
847 1046 1015 1099 ἀτεχνῶς
1042 1048 1157 1087 idem
1193 1047 1431 1087 violentius
1466 1058 1600 1096 quam
1626 1048 1747 1087 Kock
1771 1043 1850 1086 ἀλλ’
1879 1045 2027 1098 ἀκαρῆ,

322 1112 420 1152 coll.
463 1113 660 1153 Alexidis
690 1115 743 1154 fr.
779 1116 861 1154 144
904 1114 1102 1162 στοουθὸς
1133 1113 1302 1166 ἀκαρής,
1341 1114 1431 1164 ubi,
1465 1115 1504 1153 si
1536 1116 1653 1154 recte
1684 1115 1916 1164 traditum,
1959 1115 2027 1153 est

323 1180 609 1232 adiectivum,
652 1187 700 1222 ut
742 1182 962 1222 Menandr.
995 1182 1054 1221 IV
1087 1183 1172 1222 284
1205 1183 1319 1228 (226)
1359 1183 1402 1221 et
1434 1192 1562 1221 anon.
1595 1182 1654 1221 IV
1686 1183 1772 1221 600
1804 1183 1874 1227 (3).
1907 1182 2027 1220 Licet

323 1248 580 1288 adverbium
613 1248 739 1302 ἀκαρῆ
766 1251 918 1290 eodem
945 1261 1078 1291 sensu
1105 1259 1362 1300 praegressa
1387 1250 1619 1298 negatione
1642 1250 1783 1289 soleat
1808 1249 2025 1298 usurpari,

325 1314 499 1356 difficile
540 1318 610 1356 est
648 1317 738 1357 illis
777 1328 946 1367 quoque
987 1318 1095 1358 locis
1136 1318 1358 1357 abstinere
1399 1328 1424 1356 a
1455 1318 1707 1366 corrigendo
1739 1315 1886 1368 ἀκαρῆ,
1916 1316 2028 1364 quod

324 1383 421 1422 sine
460 1384 692 1432 negatione
723 1385 884 1434 legitur
914 1386 1024 1435 apud
1057 1385 1340 1425 Xenarchum
1371 1385 1435 1423 III
1462 1386 1545 1424 621
1581 1386 1635 1434 (1,
1683 1386 1764 1430 15),
1795 1407 1845 1412 —
1874 1384 1948 1423 Vs.
1986 1385 2026 1422 4.

327 1449 504 1502 βαδίζειν
550 1448 669 1492 <σ’>
714 1453 778 1492 Bl.
832 1453 876 1492 Si
922 1453 1177 1502 pronomine
1223 1463 1351 1502 opus,
1397 1452 1538 1491 multo
1584 1453 1755 1492 facilius
1801 1451 2029 1500 scripseris

328 1515 476 1570 ἀγορᾶς
511 1515 633 1560 <σ’>
668 1517 807 1571 ὀρθὸν.

270 1587 338 1625 Fr.
373 1587 443 1626 57.
476 1586 572 1627 Vid.
605 1598 739 1638 supra
770 1589 823 1628 ad
855 1587 1083 1638 Theophili
1113 1588 1165 1627 fr.
1199 1588 1240 1627 9.

270 1653 339 1693 Fr.
373 1653 443 1704 58,
478 1654 518 1693 2.
570 1655 620 1694 In
662 1654 711 1705 νὴ
755 1655 833 1693 Διά
874 1656 1023 1694 iuncto
1066 1665 1166 1694 cum
1201 1655 1469 1703 ,imperativo
1506 1654 1687 1693 offendit
1717 1653 1800 1702 Bl.,
1835 1653 2031 1700 soletque

328 1731 436 1761 sane
460 1721 737 1771 imperativis
767 1723 866 1762 addi
896 1722 1087 1762 formula
1116 1721 1215 1773 πρὸς
1247 1721 1344 1768 Διός
1376 1722 1642 1770 similesque.
1670 1721 1894 1760 Traditum
1924 1721 1967 1759 in
1994 1721 2030 1759 A

330 1803 382 1839 νη
413 1787 485 1827 διω
516 1788 654 1835 παῖδες
684 1790 872 1830 fortasse
903 1790 1020 1830 aliud
1052 1789 1178 1829 celat.
1211 1789 1337 1828 Lusi:

1280 1854 1413 1908 ἔγχεον
1444 1855 1494 1894 σὺ
1527 1853 1576 1905 δὴ

657 1923 920 1977 εὐζωρότερον
951 1921 1047 1975 ἡμῖν
1078 1927 1202 1975 πιεῖν,
1233 1918 1263 1963 ὦ
1294 1926 1386 1962 παῖ·
1418 1921 1460 1962 τὸ
1491 1920 1565 1974 γὰρ
1596 1920 1670 1961 κτὲ.

272 1991 341 2031 Fr.
375 1992 445 2041 61,
479 1993 519 2031 6.
552 1990 673 2043 χαίρω
714 2006 752 2031 τε
791 1990 859 2031 καὶ
889 1990 1044 2044 γέγηθα
1084 1991 1268 2042 Dobree‚
1310 1990 1520 2040 probante
1551 1989 1758 2029 Nauckio.
1792 2011 1849 2016 —
1881 1989 1955 2028 Vs.
1990 1989 2029 2028 9.

330 2057 487 2111 τουτογὶ
520 2060 564 2099 et
595 2059 682 2099 alia
712 2061 879 2100 temere
911 2059 975 2099 Bl.

275 2127 343 2167 Fr.
376 2128 446 2177 62,
482 2129 521 2167 2.
554 2126 612 2167 ὅτι
642 2127 747 2167 ἔστιν
778 2130 896 2167 recte
928 2127 1163 2180 Headlam,
1196 2126 1292 2166 coll.
1325 2127 1399 2165 Ar.
1432 2125 1506 2173 Eq.
1536 2125 1643 2172 797;
1678 2125 1758 2164 Av.
1794 2125 1893 2163 974.

393 2192 710 2231 ΠΕΞΛΙΑΔΕΣ.
754 2193 904 2232 Simile
941 2194 1251 2242 argumentum
1292 2193 1507 2230 tractasse
1541 2190 1711 2229 videtur
1742 2188 2032 2238 AntiphaneS,

337 2260 461 2299 cuius
493 2270 557 2309 cp.
590 2260 642 2300 fr.
678 2261 748 2299 24.

275 2327 344 2366 Fr.
377 2328 448 2377 64,
482 2329 522 2367 5.
555 2327 619 2367 Bl.
653 2327 847 2378 δυσώδης.
891 2328 933 2365 Β.
966 2321 1081 2374 οὗτος
1114 2320 1189 2365 οὖν
1220 2331 1303 2372 πῶς
1335 2323 1506 2371 ἀνθίας;
1544 2325 1589 2363 et
1621 2323 1719 2362 alia.
1755 2324 1894 2362 Locus
1926 2321 2036 2361 mihi

336 2395 626 2444 perobscurus
658 2397 738 2436 est.

279 2462 347 2501 Fr.
381 2463 450 2513 65,
485 2463 525 2503 2.
840 2458 1016 2510 ἐκόκκυξ
1053 2459 1194 2513 ἀρτίως
1225 2458 1463 2511 ἀλεκτρυών.

338 2529 599 2569 Meinekium
626 2531 671 2570 et
695 2530 910 2570 Kockium
937 2539 1035 2570 cum
1065 2529 1248 2568 articulo
1274 2527 1515 2567 scribentes
1541 2522 1762 2577 ἀλεκτρυών
1779 2534 1864 2564 non
1880 2534 2038 2572 sequar

339 2605 510 2636 memor
539 2596 622 2637 loci
655 2598 728 2637 Ar.
761 2597 870 2638 Nub.
902 2598 951 2636 4:

695 2663 762 2703 καὶ
793 2663 873 2716 μὴν
904 2663 1026 2703 πάλαι
1056 2659 1085 2715 γ’
1122 2660 1381 2713 ἀλεκτρυόνος
1412 2655 1551 2710 ἤκουσ’
1589 2657 1663 2711 ἐγώ

341 2731 413 2770 ubi
444 2732 481 2770 si
531 2732 628 2781 quis
673 2733 884 2773 scriberet
927 2729 1227 2782 τάλεκτρυόνος,
1281 2729 1396 2768 male
1442 2727 1715 2767 oblitteraret
1760 2724 2039 2774 aptissimam

341 2799 614 2848 particulam.
648 2800 701 2840 Et
732 2800 879 2849 quidni
911 2800 1028 2839 recte
1059 2798 1228 2838 dicatur
1253 2794 1489 2846 ἀλεκτρυών,
1513 2794 1606 2833 scil.
1634 2803 1747 2833 unus
1772 2793 1824 2832 de
1855 2792 2040 2831 multis?

153 2830 228 2904 (a)
284 2866 351 2906 Fr.
386 2856 457 2917 615,
495 2867 560 2907 12.
1183 2862 1234 2902 ἂν
1266 2859 1302 2902 δ’
1337 2861 1461 2902 αὐτὸν
1494 2859 1563 2914 δέῃ

412 2925 414 2930 ’
697 2930 848 2985 κέρματ’
882 2931 1108 2972 ἀποδοῦναι
1141 2928 1447 2982 προσαπέδωκεν
1481 2927 1627 2967 Ἀττικά

342 2999 412 3043 τότ’
458 3001 874 3051 ἀντέδωκεν-Κοίοθὶ,
923 3001 1134 3052 probante
1175 2999 1238 3038 Bl.
1281 2998 1378 3048 Ipse
1421 2995 1625 3046 proposui
1666 2992 1894 3034 ἀποδοῦναί
1933 2989 2044 3042 nod,

345 3069 551 3110 ἀπέδωκεν
582 3069 656 3109 κτὲ.

287 3140 354 3179 Fr.
388 3140 458 3189 72,
496 3140 532 3178 1.
565 3138 797 3188 Perperam
829 3136 1038 3177 sollicitat
1070 3134 1133 3173 Bl.

289 3207 356 3247 Fr.
390 3207 459 3256 73,
497 3208 534 3246 1.
567 3203 646 3244 ἀπὸ
678 3215 754 3254 pro
786 3202 849 3243 ἐπὶ
881 3203 945 3243 Bl.
978 3204 1116 3250 recte,
1152 3202 1199 3240 ut
1230 3199 1414 3238 videtur.

201 2499 223 2513 Q
