2216 3522
1096 226 1178 265 124

256 350 322 389 Fr.
369 351 464 390 110.
507 350 601 390 Non
644 350 868 400 vulgarem
911 360 1096 400 coquum
1128 350 1246 399 loqui
1276 350 1354 390 sed
1385 347 1710 401 ίατροσοφιστήν,
1740 348 1838 389 coll.
1870 347 2017 390 Ascle·

312 417 451 466 piadis
476 417 632 467 fragm.
661 419 716 457 24
743 428 838 467 pag.
858 418 959 467 306,
982 419 1111 467 putat
1128 417 1361 467 Headlam,
1381 417 1526 467 ipsum
1544 425 1648 457 vero
1664 415 1840 466 herum,
1858 429 2016 466 φαρμα-

312 484 498 535 κοπώλην
531 487 579 524 ut
609 485 791 534 videtur,
826 486 898 534 qui
931 487 980 525 ut
1011 484 1167 525 talium
1202 494 1349 524 rerum
1374 486 1470 524 arte
1496 494 1578 524 sua
1602 483 1715 524 satis
1740 483 1802 523 sit
1825 482 2016 533 peritus,

311 551 430 592 cibos
460 552 559 592 illos
590 552 753 592 electos
783 562 831 592 se
864 553 1008 602 ipsum
1041 550 1175 599 (αὕτός
1204 547 1267 592 v's.
1297 552 1368 597 21)
1400 553 1657 601 paraturum
1689 560 1788 591 esse
1819 548 2017 600 profitea-

313 621 397 668 tur,
430 619 545 668 loqui
570 618 751 659 Crusius
779 619 1021 659 existimat.
1052 641 1103 648 -
1122 618 1197 659 νε.
1235 619 1302 659 11.
1330 619 1496 666 τούτους
1522 628 1599 668 pro
1621 617 1787 668 τούτων,
1810 619 1861 657 ut
1885 626 2021 668 supra

312 686 361 725 fr.
405 687 475 736 48,
518 688 558 735 3,
602 686 898 737 recipiendum
929 686 1084 737 fuisse,
1120 685 1375 736 improbans
1406 686 1683 727 Kockianum
1714 683 1868 736 λυπρόν
1898 685 2020 726 recto

314 754 478 793 iudicat
517 754 581 793 Bl.
619 776 671 782 —
710 754 784 794 VS.
831 755 898 795 15.
941 753 1107 804 κρεάὸια
1147 752 1294 794 <καὶ>
1336 753 1512 804 ποδάρια
1560 750 1704 794 <καὶ>
1754 750 1880 804 ῥύγχη
1929 749 2020 791 τινά

313 821 520 871 Elmsley‚
553 821 764 871 probante
796 821 1003 862 Nauckio.
1038 844 1090 850 —
1126 821 1201 861 Vs.
1240 822 1306 861 18.
1350 820 1635 862 Coniecturae
1671 819 1827 860 Kockii
1856 816 2021 870 ἄπειρος

313 898 389 937 pro
430 887 614 940 μάγειρος
655 888 762 928 olim
804 889 943 929 obieci
984 887 1105 936 αὐτός
1147 898 1212 928 vs.
1248 889 1317 939 21,
1362 898 1443 928 nec
1483 886 1722 937 quidquam
1753 885 2020 927 mutandum

314 965 412 995 esse
443 956 659 996 assentior
690 955 855 996 Crusio.
898 956 1032 996 Recte
1063 958 1214 997 tamen
1244 955 1432 996 fortasse
1469 954 1613 995 Naber
1643 950 1732 994 οὐδ’
1767 952 1912 1005 ἅψεται
1942 964 2020 1005 pro

314 1021 390 1061 οὐκ
430 1020 582 1071 ὄψεται.
616 1045 668 1052 -
702 1023 775 1063 VS.
810 1024 880 1066 24
923 1021 990 1062 nal
1027 1022 1094 1071 τὰς
1131 1022 1352 1070 σκευάσεις]
1392 1020 1460 1061 καὶ
1495 1020 1564 1069 τὰς
1600 1020 1807 1070 συστάσεις
1842 1020 2018 1072 Kaibel,

314 1087 595 1140 κώψαρτυσίας
626 1091 829 1141 Blaydes.

256 1157 321 1197 Fr.
359 1159 455 1207 111,
489 1159 529 1199 4.
563 1156 677 1210 ἡμῶν
719 1170 795 1209 pro
836 1158 960 1210 νίκης.
1003 1159 1067 1199 Β1.
1101 1129 1400 1209 Depravatum
1432 1168 1532 1199 esse
1564 1158 1729 1198 indicat
1760 1157 1830 1198 vel
1861 1157 2024 1198 absens

314 1225 546 1275 articulus,
581 1227 654 1275 qui
686 1227 820 1266 etiam
848 1226 987 1267 conici
1013 1227 1136 1266 vetat
1162 1225 1276 1277 νίκης
1301 1228 1444 1277 καλῆς,
1469 1225 1583 1275 quod
1608 1225 1836 1276 proposuit
1860 1224 2020 1266 Casan-

314 1292 467 1332 bonus.
493 1289 632 1343 Ἥμῶν
661 1295 812 1334 tamen
844 1294 889 1334 in
923 1293 1035 1344 νίκης
1062 1293 1223 1334 abiisse
1243 1304 1400 1343 parum
1428 1293 1600 1333 videtur
1627 1292 1863 1343 probabile.
1889 1291 2021 1332 Venit

316 1360 359 1399 in
391 1363 609 1400 mentem:

611 1425 661 1467 ἔν’
697 1428 922 1481 Ἀντιγόνου
953 1434 1024 1469 τοῦ
1055 1427 1246 1480 βασιλέως
1279 1427 1592 1479 νικηφόρου.

316 1495 389 1535 νε.
423 1497 463 1535 6.
509 1495 870 1546 Supplementum
909 1506 1058 1537 meum
1090 1496 1311 1546 displicuit
1350 1495 1534 1547 Kockio‚
1576 1494 1742 1545 placuit
1771 1493 2019 1544 Blaydesio.

315 1563 664 1603 Incertissimum
697 1573 815 1613 esse,
850 1567 899 1604 ut
929 1564 1011 1604 hoc
1040 1574 1180 1613 genus
1211 1564 1381 1614 omnia,
1413 1563 1541 1603 facile
1571 1562 1749 1612 largior.

257 1631 325 1670 Fr.
361 1631 456 1669 112.
493 1630 730 1680 „Loquitur
759 1631 1116 1682 pharmacopola,
1151 1632 1222 1681 qui
1255 1642 1303 1672 se
1334 1632 1429 1681 ipso
1461 1631 1688 1680 comparat
1718 1639 1818 1670 cum
1845 1620 2019 1671 Melam:

314 1698 422 1748 pode
469 1698 614 1738 Proeti
669 1697 859 1739 filiarum
916 1699 1086 1739 medico
1143 1699 1384 1748 eodemque
1423 1698 1739 1738 Bacchicorum
1792 1703 2021 1738 sacrorum

316 1766 551 1805 conditore.
600 1765 647 1806 O.
695 1766 886 1807 Kernius
939 1768 1089 1807 autem
1140 1767 1292 1807 Herm.
1344 1767 1457 1806 1890
1509 1765 1836 1807 demonstravit
1880 1759 2024 1805 Cabiri

314 1843 440 1872 sacra
470 1833 657 1873 Athenis
697 1834 869 1874 Thebas
899 1834 1117 1875 translata
1147 1844 1266 1884 esse,
1300 1834 1521 1884 Orpheum
1554 1833 1838 1883 potissimum
1868 1841 2021 1872 eorum

317 1901 602 1950 interpretem
642 1901 797 1951 fuisse,
841 1902 954 1951 apud
995 1901 1226 1942 Thebanos
1267 1901 1473 1942 Cabirum
1505 1901 1666 1941 Bacchi
1696 1900 1928 1950 paredrum
1959 1899 2025 1940 ita

315 1967 480 2008 factum
521 1979 636 2019 esse,
682 1972 731 2009 ut
761 1970 988 2009 artissima
1019 1970 1343 2010 necessitudine
1374 1970 1604 2019 utriusque
1634 1979 1763 2009 sacra
1793 1967 2052 2018 coniunge-⁵

317 2037 468 2075 rentur
499 2037 544 2076 et
574 2036 987 2078 confunderentur.'‘

259 2102 325 2142 Fr.
360 2104 456 2153 115,
489 2105 526 2143 1.
547 2099 796 2155 Ἑρμεΐσκον,
816 2105 998 2145 ductum
1016 2106 1069 2145 ab
1079 2101 1248 2156 Ἑρμέας
1266 2100 1568 2156 ιιῐἙρμείδιον,
1584 2105 1679 2144 iure
1695 2104 1881 2154 requirit
1895 2103 2020 2145 Bi.—

318 2169 391 2210 Vs.
418 2171 457 2210 2.
484 2170 589 2210 κάτω
619 2170 838 2222 στρέφοντα
866 2173 1019 2213 malim
1047 2183 1148 2213 cum
1166 2173 1333 2213 eodem.
1351 2171 1413 2212 Cf.
1431 2171 1546 2212 infra
1560 2172 1614 2213 ad
1632 2172 1805 2212 Sotadis
1820 2171 1872 2213 i’r.
1894 2173 1931 2222 1,
1950 2171 2020 2212 33.

259 2238 326 2277 Fr.
360 2238 455 2287 116,
485 2238 525 2278 3.
552 2239 654 2289 ζηλῶ
682 2239 744 2279 Bl.
773 2250 848 2289 pro
876 2241 996 2291 ζητῶ,
1020 2241 1097 2280 sed
1123 2240 1285 2290 requiri
1313 2240 1484 2280 videtur
1508 2239 1661 2280 vocula
1685 2238 1730 2280 δέ
1754 2239 2023 2290 respondens

317 2316 571 2355 praegresso
613 2305 699 2358 μέν,
737 2309 850 2357 quod
892 2310 1091 2349 sentiens
1131 2310 1359 2359 praeterea
1398 2308 1585 2348 coniecit
1626 2303 1663 2347 δ’
1707 2305 1822 2347 ἐστίν.
1863 2307 1922 2348 At
1951 2316 2021 2357 pa·

319 2383 416 2412 rum
458 2374 694 2423 probabilis
725 2378 795 2415 est
826 2378 952 2416 tanta
981 2377 1184 2417 mutatio.
1217 2376 1331 2416 Num
1364 2375 1477 2416 forte
1509 2373 1562 2415 δὲ
1592 2373 1752 2428 λέγων
1787 2396 1839 2403 --
1873 2374 1948 2415 νε.
1979 2375 2022 2415 4.

318 2438 556 2491 ἀπροσίτους
598 2443 828 2491 aptissime
872 2443 1086 2484 Headlam
1129 2453 1206 2494 pro
1246 2442 1503 2495 παρασίτους.
1537 2465 1591 2473 -
1632 2442 1708 2483 νε.
1750 2443 1792 2483 8.
1829 2441 1873 2482 τὸ
1908 2440 2024 2495 γένος

324 2507 452 2550 <σὺ>
491 2509 554 2549 Bl.
580 2532 618 2537 —·
649 2510 722 2550 Vs.
762 2512 826 2550 11.
859 2513 940 2558 τοῖς
971 2508 1043 2561 μὲν
1074 2508 1099 2562 ἡ
1131 2512 1227 2563 τύχη
1255 2511 1261 2559 Ι
1290 2507 1404 2561 ἡμῶν
1436 2510 1631 2563 μεγάλους
1663 2508 1915 2562 προσένειμε,
1942 2511 2024 2557 τοῖς

320 2572 354 2613 δ’
392 2573 598 2623 ἐλάττονας
631 2578 879 2618 rectissime
911 2578 1042 2618 idem.

262 2642 329 2694 Fr.
367 2643 463 2692 118,
498 2645 537 2683 2.
572 2640 608 2682 δ’
645 2644 799 2685 abesse
831 2645 962 2686 malit
993 2645 1057 2686 Bl.

262 2710 328 2750 Fr.
380 2711 476 2761 119,
526 2712 566 2751 2.
614 2709 800 2763 νέκταρος
847 2711 1011 2764 γλυκέος
1058 2713 1137 2764 ΒΙ.,
1185 2690 1298 2763 quod
1339 2723 1478 2763 neque
1525 2712 1824 2753 necessarium
1870 2712 1942 2752 est
1979 2712 2026 2753 et

319 2788 528 2818 numeros
552 2780 798 2820 severiores
825 2781 1052 2830 (tragicam
1081 2781 1199 2821 enim
1226 2780 1652 2830 grandiloquentiam
1685 2779 1808 2820 locus
1832 2778 2026 2825 affectat)

321 2847 574 2895 corrumpit.
611 2868 662 2875 —
697 2846 770 2887 Vs.
805 2849 844 2888 4.
890 2847 1009 2888 Idem
1052 2848 1180 2888 malit
1219 2844 1433 2900 ἀσφαλῆ<’
1440 2854 1499 2895 ς>
1535 2847 1655 2899 βάσιν
1682 2843 1689 2899 Ι
1717 2846 1882 2898 στήσας,
1911 2846 2025 2896 quod

323 2913 467 2962 ipsum
511 2915 584 2952 vix
626 2913 823 2955 sufficere
856 2916 1042 2956 videtur.
1076 2915 1190 2955 Num
1222 2916 1334 2956 forte
1360 2913 1521 2966 ἀσφαλῆ
1559 2914 1744 2954 στάσιν
1772 2912 1780 2966 Ι
1806 2913 2024 2966 στήσαςε

323 2981 347 3019 1.
377 2991 412 3020 e.
450 2979 638 3030 ἀσφαλῶς
670 2981 846 3032 unicas?
888 2983 956 3023 Ita
995 2985 1114 3034 puto.
1148 3005 1206 3012 —
1238 2983 1311 3023 Vs.
1345 2985 1385 3023 5.
1418 2983 1513 3023 Non
1544 2984 1663 3023 recte
1694 2981 1811 3022 idem
1842 2981 2028 3032 requirit

322 3052 452 3086 κιττοῦ
493 3059 568 3097 pro
608 3054 767 3099 κισσοῦ,
806 3051 917 3099 quod
961 3051 1167 3092 convenit
1200 3051 1575 3101 paratragoediae,
1610 3059 1689 3090 nec
1720 3049 1864 3099 magis
1893 3048 2027 3099 probo

321 3124 432 3163 quae
464 3117 664 3165 proponit
692 3114 849 3165 ἐνάψας
881 3118 949 3158 vel
983 3117 1147 3170 ἐνείρας.
1179 3118 1334 3159 Melius
1365 3118 1559 3158 Meineke
1590 3115 1765 3167 ἀνάψας.

265 3182 330 3222 Fr.
371 3183 464 3232 120,
499 3185 538 3223 4.
574 3184 805 3234 perperam
846 3188 998 3226 λευκῶν
1038 3186 1222 3237 Dobree,
1266 3196 1369 3226 nam
1407 3187 1485 3226 aut
1515 3190 1593 3225 τῶν
1624 3187 1777 3225 λευκῶν
1807 3182 2027 3224 sermonis

321 3252 464 3300 graeci
498 3251 608 3291 ratio
641 3253 834 3302 postulat
866 3255 943 3293 aut
972 3253 1157 3304 λευκούς,
1187 3253 1300 3303 quod
1330 3252 1555 3293 traditum.
