2216 3522
1073 220 1128 260 76

274 357 359 395 quo
390 346 497 386 nihil
529 345 949 396 reprehendendum,
994 345 1036 385 in
1070 345 1224 385 eodem
1258 354 1322 384 vs.
1356 343 1546 394 probans
1577 354 1723 385 meam
1756 345 1970 386 correctio

276 424 377 454 nem
416 417 618 464 κιθαροῖσι
654 413 811 464 σφόδρα
853 417 922 459 (an
964 424 1019 452 ex
1047 412 1241 462 Hilbergi
1267 412 1466 452 doctrina
1491 414 1722 464 κιθαροῖσιν
1762 411 1986 465 σφόδραῗ),

274 482 416 522 deleto
443 482 701 531 interposito
727 479 792 528 ὡς.
822 503 865 509 -
893 481 968 521 Vs.
1003 482 1068 520 18.
1097 482 1209 529 Apte
1232 480 1409 529 quidem
1432 479 1549 520 idem
1576 477 1845 532 ἕπιμεμηνὼς,
1870 481 1984 530 quod

275 550 421 589 minus
446 549 665 600 probabile
691 552 841 589 tamen
867 558 999 598 quam
1027 548 1309 587 lenissimum
1338 546 1539 587 Meinekii
1556 548 1789 589 inventum
1804 546 1984 589 ἕπικεκυ·

274 616 359 666 φὼς
390 627 467 667 pro
498 615 762 667 ἐπιπεφυκὼς.
794 638 846 645 -
878 616 949 656 νε.
982 617 1047 655 19.
1083 615 1244 655 Maiore
1276 615 1412 655 etiam
1445 614 1657 655 violentia
1687 616 1751 656 Bl.
1784 616 1988 667 proponit

274 683 390 734 ὄψων
430 689 522 735 (pro
563 695 671 725 sano
712 682 902 736 ἀνδρῶν),
945 693 1029 733 quo
1061 684 1174 734 perit
1205 683 1368 723 festiva
1414 682 1572 723 allusio
1614 683 1667 723 ad
1699 682 1900 735 Cobium,
1932 684 1986 725 de

274 764 359 802 qua
400 753 452 793 cf.
486 753 620 793 Kock.
660 753 864 792 Fortasse
905 752 1041 792 etiam
1084 751 1331 800 comparari
1373 751 1534 801 poterit
1566 751 1674 791 illud
1703 751 1914 803 Archippi
1943 751 1987 792 11

276 822 360 861 723
384 822 436 860 M.
469 819 613 871 ἄνδρες
644 820 802 872 ἰχθύες,
833 820 869 859 si
900 819 1004 859 licet
1030 819 1246 869 suspicari
1278 829 1331 859 ea
1363 819 1497 859 verba
1537 819 1657 860 dicta
1687 830 1786 861 esse
1826 820 1880 861 ad
1911 819 1984 862 ho·

275 890 416 928 mines
448 889 634 939 piscium
666 888 847 928 nomina
879 887 1093 927 habentes
1125 887 1193 933 (cf.
1228 887 1286 927 ibi
1319 887 1371 927 fr.
1406 888 1461 933 6).

218 957 283 996 Fr.
319 958 387 1006 29,
427 958 462 996 1.
511 954 637 1007 φέρου
681 960 798 996 recte
839 957 988 995 tuetur
1030 954 1176 1003 Kock;
1211 965 1275 994 vs.
1309 955 1334 994 2
1377 965 1453 995 cur
1489 956 1716 1005 suspectet
1755 954 1822 997 Bl.
1852 955 1988 997 verba

274 1024 419 1074 οὕτως,
450 1022 607 1071 ἐκείνως
654 1034 725 1064 me
767 1024 943 1073 quidem
988 1023 1119 1071 latet;
1162 1022 1414 1073 significare
1445 1023 1621 1063 videtur
1662 1023 1761 1063 hoc
1799 1024 1855 1064 et
1883 1023 1986 1065 illo

274 1093 314 1137 (i.
348 1102 385 1132 e.
433 1093 568 1138 omni)
616 1092 783 1133 modo.'
818 1114 871 1120 —
906 1091 980 1132 Vs.
1026 1093 1051 1130 3
1092 1091 1326 1141 Perperam
1355 1091 1471 1131 idern
1513 1086 1702 1143 ἐγχείρημ’
1747 1088 1832 1143 ἐάν,
1879 1101 1984 1133 nam

273 1161 493 1199 sententia
524 1160 750 1199 evidenter
781 1159 977 1208 postulat
1009 1159 1221 1199 traditum
1253 1155 1329 1197 κᾶν
1362 1159 1472 1204 (sive
1503 1156 1615 1210 κῆν),
1646 1159 1732 1199 vel
1762 1159 1822 1200 si.

331 1228 380 1267 In
421 1229 692 1276 Argumento
734 1227 952 1277 Euripidis
991 1226 1228 1281 Alcestidis
1259 1227 1424 1267 rectius
1455 1237 1589 1276 quam
1620 1227 1844 1269 Lachman
1876 1225 1986 1280 παρὰ

273 1298 353 1342 τοῖς
383 1298 571 1346 κωμικοῖς
603 1295 754 1335 Nauck
779 1293 888 1346 παρὰ
919 1300 1015 1333 τῶν
1047 1300 1426 1347 γραμματικῶν
1458 1305 1536 1345 pro
1567 1293 1705 1347 παρὰ
1736 1297 1846 1344 τοῖς
1874 1309 1985 1348 τρα-

274 1366 444 1415 γικοῖς
475 1363 714 1403 coniecisse
748 1363 939 1411 videtur;
973 1363 1012 1402 si
1043 1373 1166 1413 vere,
1200 1364 1429 1403 constat
1459 1362 1621 1403 falsam
1654 1373 1753 1404 esse
1780 1363 1986 1405 Meinekii

271 1431 566 1480 suspicionem
608 1441 659 1471 ea
701 1430 834 1470 verba
865 1431 919 1470 ad
953 1431 1280 1480 Antiphaneam
1313 1431 1583 1471 Alcestidem
1618 1440 1716 1471 esse
1746 1430 1987 1472 referenda.

271 1499 388 1548 Quae
429 1498 612 1538 Nauckii
663 1498 887 1538 sententia
935 1498 1072 1539 etiam
1115 1499 1289 1548 certior,
1331 1498 1370 1538 si
1411 1498 1556 1538 lenius
1597 1499 1813 1548 corrigere
1855 1498 1988 1540 liceat

271 1564 380 1617 παρὰ
420 1569 501 1614 τοῖς
540 1568 824 1619 γραμματικοῖς
864 1566 906 1613 (i.
941 1576 978 1606 e.
1011 1566 1170 1606 iudicio
1211 1567 1624 1616 grammaticorum)
1655 1565 1905 1619 ἐκβάλλεται,
1935 1567 1988 1608 ut

273 1632 556 1686 ὁμολογεῖσθαι
585 1634 694 1685 παρά
724 1645 800 1674 τισι
832 1636 877 1675 et
906 1634 1015 1686 παρά
1046 1649 1167 1674 τινων
1199 1635 1316 1675 redit
1347 1635 1515 1675 eodem.

216 1703 282 1742 Fr.
316 1704 384 1752 33,
418 1704 458 1743 3.
492 1703 746 1743 Lectionem
777 1702 907 1752 φανός
935 1703 1127 1752 praefert
1144 1702 1229 1754 Bl.,
1259 1702 1357 1743 coll.
1385 1703 1493 1742 Ach.
1519 1703 1620 1743 845.
1641 1726 1680 1733 -
1713 1703 1787 1744 Vs.
1805 1705 1847 1744 4.
1864 1703 1985 1744 Idem

270 1771 362 1810 iure
395 1771 624 1810 addubitat
656 1771 810 1811 Kockii
837 1772 1135 1811 coniecturam
1164 1770 1262 1822 βαιά
1286 1785 1326 1810 τε
1356 1769 1454 1818 πέζα
1485 1781 1563 1821 pro
1595 1771 1813 1822 corruptis
1843 1770 1988 1824 βεβαία

271 1838 460 1890 τράπεζα,
490 1839 584 1888 ipse
615 1849 862 1888 proponens
889 1839 1000 1885 (coll.
1030 1839 1193 1879 cratin.
1227 1839 1269 1879 ΙΙ
1302 1839 1387 1879 225
1415 1839 1469 1879 M.
1501 1838 1829 1892 κρουπεζοφόρον
1857 1836 1988 1892 γένος)

270 1905 468 1956 κρούπεζα
510 1906 625 1958 βαιά,
664 1907 717 1946 de
760 1917 844 1956 quo
886 1909 932 1946 et
973 1907 1067 1956 ipse
1108 1907 1321 1957 cogitavi,
1365 1906 1508 1956 qualis
1548 1907 1741 1957 suspicio
1781 1907 1988 1957 quodam-

273 1974 402 2014 modo
433 1974 769 2014 commendatur
801 1974 1004 2014 absentia
1035 1975 1217 2015 voculae
1249 1988 1308 2025 τε,
1341 1985 1453 2024 quae
1478 1976 1524 2015 in
1550 1976 1633 2016 hac
1657 1975 1990 2017 enumeratione

273 2051 426 2090 parum
460 2042 692 2081 commoda
724 2044 805 2081 est.
839 2043 898 2082 At
943 2043 1099 2082 statim
1132 2042 1270 2082 abieci
1302 2052 1399 2082 eam
1434 2043 1729 2093 suspicionem
1759 2044 1990 2094 propterea

272 2108 386 2156 quod
418 2109 589 2158 Boeoti,
618 2119 703 2148 non
733 2109 1029 2149 Athenienses
1056 2112 1180 2158 (quos
1205 2109 1526 2159 intellegendos
1551 2120 1651 2151 esse
1681 2111 1809 2152 docet
1831 2121 1898 2151 νε.
1925 2111 1988 2161 6),

274 2177 399 2215 erant
438 2176 774 2229 κρουπεζοφόροι,
815 2178 963 2226 itaque
1010 2177 1127 2217 aliud
1170 2178 1489 2228 quaerendum,
1533 2178 1649 2228 quod
1689 2188 1776 2219 non
1806 2178 1987 2230 reperio.

274 2243 384 2282 Nam
431 2246 603 2292 praeter
650 2245 983 2285 incommodum
1025 2259 1063 2285 τε
1110 2245 1264 2286 Kockii
1305 2246 1605 2286 coniecturam
1646 2246 1783 2288 etiam
1828 2246 1991 2297 premit

274 2311 395 2351 locus
435 2311 508 2351 ubi
549 2310 645 2359 πέζα
686 2314 1075 2363 commemoratur,
1118 2314 1276 2363 quippe
1321 2314 1374 2354 de
1415 2324 1501 2363 qua
1532 2314 1689 2354 statim
1729 2315 1830 2364 post
1861 2324 1926 2355 vs.
1958 2314 1988 2355 8

274 2379 441 2419 mentio
487 2380 629 2420 fuerat
676 2380 906 2420 inicienda.
954 2380 1105 2421 Solum
1152 2380 1249 2432 βαιά
1297 2391 1450 2422 verum
1490 2391 1589 2422 esse
1630 2382 1796 2433 potest,
1838 2383 1886 2422 et
1923 2381 1990 2422 sic

274 2446 387 2494 apud
419 2446 697 2487 Athenaeum
731 2448 864 2488 habet
885 2448 930 2488 L.
951 2470 1004 2477 -
1025 2448 1097 2488 νε.
1131 2449 1157 2489 6
1190 2448 1352 2489 iniuria
1383 2448 1448 2489 Bl.
1482 2458 1559 2499 pro
1588 2447 1663 2502 γὰρ
1696 2449 1880 2499 requirit
1908 2462 1989 2501 μοι.

274 2513 366 2553 Non
407 2515 526 2555 solos
568 2516 696 2555 Iones
738 2516 814 2556 sed
858 2516 996 2556 etiam
1037 2516 1210 2556 Atticos
1251 2517 1472 2557 interdum
1512 2516 1645 2556 δοκεῖν
1690 2526 1768 2567 pro
1813 2515 1989 2568 νομίζειν

275 2592 509 2631 usurpasse
541 2584 653 2623 satis
685 2585 871 2624 constat.

219 2650 285 2690 Fr.
317 2650 387 2699 34,
418 2652 456 2690 3.
500 2648 661 2701 ἄριστον
702 2662 778 2701 pro
820 2650 988 2703 χρηστὸν
1031 2652 1120 2700 Β1.;
1163 2651 1254 2692 fleri
1296 2653 1464 2703 potest,
1508 2652 1584 2693 sed
1624 2652 1701 2692 vix
1733 2662 1843 2703 opus
1872 2652 1987 2693 vide·

276 2718 358 2755 tur.
402 2716 553 2757 Potius
594 2728 694 2758 curn
739 2718 901 2759 Kockio
944 2729 1020 2768 pro
1060 2716 1121 2768 δὲ,
1165 2719 1278 2768 quod
1320 2720 1365 2759 in
1396 2717 1470 2772 γὰρ
1502 2721 1650 2760 mutat
1686 2719 1771 2771 Bl.,
1803 2719 1987 2771 scripse·

276 2783 358 2822 rim
399 2784 495 2823 δεῖν.

220 2851 284 2890 Fr.
318 2853 387 2900 35,
425 2854 461 2892 1.
502 2852 600 2903 πρὸς
640 2860 701 2909 τῷ
744 2854 879 2910 μύρῳ
921 2853 1137 2907 γενόμενον
1172 2852 1336 2894 αὐτὸν
1378 2852 1673 2895 κατέλιπον
1701 2853 1708 2905 Ι
1734 2854 1827 2907 περί
1859 2853 1983 2897 <τὸ>

275 2919 401 2967 μύρον
447 2918 520 2958 κτὲ.
568 2921 631 2961 Bl.
667 2921 931 2963 intolerabili
979 2922 1241 2973 tautologia,
1289 2923 1493 2973 graviore
1538 2923 1674 2964 etiam
1722 2933 1855 2974 quam
1900 2933 1990 2974 qua

275 2988 487 3035 premitur
535 2989 697 3029 tradita
742 2990 962 3040 scriptura
1005 2989 1105 3042 πρὸς
1145 2996 1197 3045 τῷ
1239 2990 1479 3045 μυροπώλῃ,
1519 3001 1596 3041 pro
1637 3002 1723 3041 quo
1760 2993 1989 3041 praeterea

276 3057 480 3103 expectes
525 3054 633 3106 παρὰ
679 3062 730 3110 τῷ
778 3072 815 3107 μ.
863 3059 941 3097 aut
983 3054 1027 3096 ἐν
1067 3061 1139 3097 τοῦ
1184 3056 1437 3108 μυροπώλου.
1481 3058 1595 3098 Hinc
1636 3058 1746 3099 mihi
1782 3060 1888 3100 nata
1918 3060 1989 3100 est

275 3121 465 3169 suspicio
508 3122 638 3162 verba
670 3123 768 3173 πρὸς
801 3130 851 3179 τῷ
884 3123 1103 3179 μυροπώλῃ
1143 3124 1252 3164 nihil
1284 3125 1402 3165 aliud
1435 3135 1533 3166 esse
1563 3136 1697 3175 quam
1730 3126 1987 3177 interpreta-

277 3190 477 3228 mentum
518 3192 796 3238 sequentium
839 3190 927 3243 περὶ
969 3191 1086 3233 <τὸ>
1125 3192 1274 3243 μύρον,
1313 3192 1472 3242 quibus
1510 3192 1615 3234 olim
1648 3194 1858 3244 probante
1888 3193 1987 3235 Mei-

277 3254 403 3294 nekio
435 3259 733 3298 necessarium
765 3260 929 3300 inserui
961 3260 1215 3310 articulum,
1249 3262 1293 3301 et
1324 3262 1500 3311 poetam
1526 3261 1718 3302 dedisse:
