2216 3522
1071 197 1154 237 186

233 320 300 359 Fr.
333 321 374 369 4,
412 321 447 359 1.
490 320 609 360 Ferri
651 321 802 369 nequit
843 322 985 361 otiosa
1017 321 1174 361 vocula
1205 335 1266 373 γε,
1303 321 1398 361 sive
1431 330 1531 360 cum
1562 319 1626 360 Bl.
1659 319 1896 370 legendum
1928 321 1998 361 est

290 383 370 426 ἀλλ’
405 385 558 440 <ἐγὼ>
589 388 686 428 Sive
713 398 887 429 meeum
916 386 1013 428 ἀλλὰ
1051 387 1203 441 <γάρ>
1241 388 1334 436 τοὺς
1361 386 1624 438 φιλοσόφους.
1654 409 1707 416 -
1725 387 1801 428 Vs.
1820 388 1860 428 3.
1880 386 1996 428 Olim

291 454 455 495 conieci
495 454 653 507 σφόδρα
696 466 772 505 pro
813 453 912 508 ὁρῶ,
952 457 1064 506 quod
1107 459 1207 506 post
1248 454 1417 508 εὑρίσκω
1459 459 1540 502 (vs.
1575 455 1615 501 2)
1648 454 1860 505 abundat,
1903 464 1995 505 pro·

291 523 423 563 bante
454 523 518 563 Bl.

233 591 299 630 Fr.
332 592 372 640 6,
411 592 446 630 1.
487 591 863 640 Aequiescendum
905 592 948 632 in
991 592 1221 633 lenissima
1259 591 1444 632 Dobraei
1485 590 1754 631 correctione
1794 585 1880 641 φέρ’
1914 584 1993 629 οἴσ’

289 669 365 708 pro
411 657 569 709 φέροις,
617 669 719 707 prae
765 670 851 708 qua
897 660 1076 700 sordent
1120 659 1273 700 Kockii
1314 661 1359 699 et
1390 658 1611 708 Blaydesii
1642 656 1904 697 tentamina.
1939 679 1993 686 —

291 726 362 766 Vs.
398 727 436 766 2.
470 726 576 766 Ellis
607 737 674 776 ap.
708 726 771 766 Bl.
804 726 1099 779 τυροκνήστεις,
1129 730 1220 777 παῖ,
1251 725 1347 766 δέκα
1380 726 1449 766 vel
1481 723 1642 775 ἕνδεκα,
1673 725 1887 774 quantum
1918 734 1995 765 nu·

291 804 461 834 morum
510 794 602 834 iure
644 794 837 844 mireris,
880 796 972 845 ipse
1013 795 1077 835 Bl.
1119 793 1401 846 τυρόκνηστιν,
1442 791 1626 845 ἐσχάρας,
1659 791 1813 841 quales
1844 791 1995 832 ariola-

289 862 430 902 tiones
461 861 625 902 nullius
654 863 758 902 sunt
790 862 933 912 pretii.
967 862 1164 913 Speciem
1192 862 1354 902 saltem
1380 861 1513 901 habet
1538 859 1745 910 πελλίκην,
1773 858 1888 908 quod
1917 869 1995 910 pro

286 929 477 980 παιδίκην
509 930 597 969 leni
628 930 878 970 coniectura
903 931 1128 980 proposuit
1154 926 1326 980 Nauck,
1354 939 1435 969 nec
1460 930 1613 969 tamen
1636 937 1791 967 verum
1807 926 1994 978 videtur,

286 997 387 1045 quia
428 1007 479 1037 ea
520 1007 607 1037 vox
649 999 903 1038 constanter
945 1008 1030 1039 uno
1060 1001 1081 1037 λ.
1111 998 1326 1048 scriptum
1371 997 1572 1038 occurrit.
1613 996 1762 1045 Aeque
1804 994 1996 1036 difficilis

289 1066 357 1103 est
387 1064 431 1104 in
466 1075 527 1104 vs.
562 1066 587 1104 6
629 1065 723 1105 sive
756 1066 992 1116 explicatio
1024 1066 1119 1107 sive
1151 1065 1401 1106 emendatio
1433 1065 1554 1105 vocis
1584 1061 1996 1116 ἀγωνιστηρίαν.

289 1131 398 1181 Quia
436 1134 584 1173 autem
626 1133 792 1185 κύβηλις
832 1136 928 1174 erat
968 1134 1098 1175 cultri
1130 1134 1316 1184 species,
1350 1133 1464 1182 quod
1496 1131 1788 1182 (componitur
1817 1130 1936 1172 enim
1968 1142 1996 1172 a

289 1200 462 1240 Polluce
494 1200 551 1239 VI
583 1202 639 1242 98
674 1211 773 1241 cum
816 1212 921 1242 voce
958 1202 1234 1254 τυρόκνηστις,
1265 1201 1319 1242 cf.
1352 1200 1518 1241 Cratini
1548 1200 1599 1240 fr.
1633 1201 1734 1246 315)
1771 1199 1907 1240 etiam
1938 1199 1993 1240 ad

289 1267 590 1308 radendum
632 1269 876 1310 adhibitum
914 1281 1011 1310 esse
1045 1271 1228 1319 videtur,
1263 1269 1334 1319 agi
1366 1268 1530 1318 aliquid
1561 1270 1730 1319 posset,
1764 1267 1803 1308 si
1834 1267 1994 1308 ultima

288 1335 474 1376 traditae
515 1336 717 1377 lectionis
757 1348 858 1387 pars
899 1338 1060 1379 celaret
1092 1337 1354 1389 κνηστηρίαν,
1387 1336 1499 1377 unde
1530 1335 1740 1386 penderet
1769 1344 1867 1385 gen.
1898 1334 1988 1386 plu·

288 1404 392 1444 ralis
438 1404 676 1445 eliciendus
721 1417 774 1446 ex
823 1405 989 1444 ΑΓΩΝ.
1036 1405 1154 1445 Nihil
1196 1414 1299 1445 vero
1340 1404 1430 1444 tale
1470 1403 1694 1454 reperiens
1734 1406 1854 1450 (nam
1884 1400 1992 1442 ἀλῶν

288 1482 373 1511 non
406 1474 557 1521 aptum
593 1473 795 1524 videtur),
829 1473 1156 1514 dubitabundus
1187 1482 1400 1523 propono:

525 1539 591 1580 καὶ
623 1540 695 1591 τὴν
725 1542 895 1594 κύβηλιν
927 1540 999 1592 τὴν
1030 1539 1361 1592 ἀπόκνηστίν
1398 1547 1505 1590 <μοι
1537 1536 1688 1591 φέρε).

230 1607 295 1646 Fr.
331 1608 371 1656 8,
409 1609 445 1647 1.
478 1606 612 1659 μέλην.
654 1610 719 1659 „A
751 1609 991 1659 honey·jar,
1024 1609 1167 1658 honey
1201 1608 1330 1658 being
1361 1608 1437 1648 the
1469 1606 1597 1647 usual
1627 1606 1810 1647 libation
1840 1607 1886 1647 to
1916 1606 1993 1647 the

287 1674 440 1714 dead.”
472 1675 700 1717 Headlam.

229 1806 523 1863 Philippidis
555 1810 606 1850 fr.
642 1812 681 1850 2.
716 1811 810 1851 Vid.
845 1807 1015 1860 Nauck,
1051 1810 1146 1850 Mel.
1179 1810 1239 1849 VI
1270 1821 1310 1860 p.
1347 1810 1444 1849 132.

231 1876 296 1915 Fr.
331 1878 370 1916 5.
403 1871 492 1927 ἦλθ’
521 1888 597 1926 pro
626 1872 683 1928 fii
715 1878 916 1927 Blaydes.
945 1878 1029 1918 Cur
1055 1878 1266 1918 tandem?
1297 1900 1344 1906 -
1379 1877 1452 1918 Vs.
1486 1878 1527 1917 3.
1559 1871 1742 1929 γελάσασ’
1785 1873 1990 1928 <ἦρέμα>

289 1944 463 1984 Palmer
495 1955 561 1995 ap.
596 1946 659 1985 Bl.

231 2011 298 2051 Fr.
331 2013 370 2051 6.
567 2011 700 2065 ἔλεγον
733 2009 771 2052 δ’
808 2011 882 2066 ἐγώ
915 2024 978 2052 σοι
1010 2011 1063 2064 μὴ
1097 2015 1257 2065 γαμεῖν,
1288 2012 1359 2063 ζῆν
1392 2007 1427 2051 δ’
1464 2008 1640 2062 ἡδέως.

288 2079 347 2119 Ut
372 2080 632 2121 confirmant
658 2082 902 2131 sequentia,
940 2079 1047 2137 ῂθέῳ
1076 2080 1196 2121 nulla
1225 2080 1489 2120 necessitate
1516 2079 1702 2120 coniecit
1718 2078 1857 2129 Kock,
1885 2078 1998 2128 quod

287 2148 392 2187 olim
435 2149 665 2189 observavi
710 2152 755 2189 et
795 2160 911 2189 nunc
953 2149 1302 2189 consentientem
1345 2147 1470 2188 video
1503 2147 1615 2187 mihi
1647 2146 1732 2198 131„
1774 2146 1849 2196 qui
1880 2147 1998 2186 recte

289 2218 438 2256 tuetur
468 2217 707 2269 προβάλλειν
741 2228 804 2257 vs.
839 2218 880 2257 4.

230 2283 294 2322 Fr.
328 2284 368 2323 8.
411 2285 509 2324 Iure
551 2285 666 2325 idem
699 2286 850 2325 monet
882 2284 1186 2325 Philemonem
1224 2283 1457 2333 scripsisse
1489 2282 1704 2332 fabulam,
1739 2282 1865 2322 cuius
1894 2281 1997 2322 titu-

287 2350 355 2390 lus
381 2351 464 2391 fuit
494 2353 826 2391 ΠΑΡΕΙΣΙΩΝ.
854 2353 916 2393 Cf.
945 2352 1141 2393 Meineke
1169 2353 1279 2392 Men.
1308 2351 1418 2391 Phil.
1437 2361 1477 2401 p.
1497 2352 1582 2391 375
1611 2350 1747 2397 (Kock
1764 2350 1804 2389 11
1821 2360 1862 2400 p.
1880 2349 1995 2396 492).

230 2418 296 2457 Fr.
329 2419 369 2468 9,
403 2422 443 2459 5.
476 2418 681 2468 ἔσθοντας.
715 2422 995 2471 Suspectum,
1030 2421 1083 2461 cf.
1117 2420 1251 2460 Kock.
1286 2420 1397 2460 Fieri
1429 2421 1576 2469 potest
1607 2421 1656 2459 ut
1687 2419 1748 2458 sit
1776 2417 1998 2467 glossema

286 2488 500 2535 genuinae
532 2489 733 2529 lectionis
764 2489 1004 2538 κάπτοντας,
1034 2499 1165 2537 quam
1197 2487 1407 2528 substitui
1439 2486 1571 2527 iubet.
1607 2508 1659 2515 —
1687 2485 1762 2526 Vs.
1793 2486 1860 2526 10.
1892 2484 1995 2526 Mul·

287 2556 381 2594 tum
413 2555 561 2596 dubito
595 2567 700 2597 num
733 2557 887 2607 lateat,
921 2557 1034 2605 quod
1067 2556 1249 2606 putabat
1279 2554 1418 2606 Kock,
1452 2554 1720 2605 ambiguitas
1751 2554 1796 2593 in
1822 2553 1968 2594 verbis

703 2622 754 2663 ἃν
785 2622 859 2677 γὰρ
891 2622 1030 2679 ἀναθῇ
1061 2639 1136 2674 τις,
1169 2622 1296 2670 εὐθὺς
1324 2622 1502 2673 ἥρπασεν

288 2693 515 2739 propterea
546 2693 658 2741 quod
691 2690 925 2731 ἀνατιθέναι
952 2693 1005 2732 de
1031 2692 1139 2732 solis
1166 2692 1295 2731 rebus
1320 2691 1387 2731 dis
1403 2690 1616 2730 dedicatis
1633 2692 1881 2741 usurpatur,
1909 2699 1995 2731 non

288 2760 339 2798 de
383 2761 435 2799 iis
476 2772 613 2810 quae
657 2762 707 2800 in
750 2771 942 2801 mensa
982 2761 1127 2801 domi
1172 2762 1583 2810 proponuntur,
1623 2757 1737 2807 quod
1768 2760 1838 2798 est
1867 2770 1994 2809 παρα-

289 2826 453 2865 τιθέναι.
503 2829 554 2868 Et
598 2830 711 2869 satis
753 2829 896 2869 hercle
939 2829 1097 2869 festive
1137 2828 1244 2868 haec
1284 2828 1380 2868 sine
1421 2826 1512 2868 ulla
1553 2825 1842 2875 ambiguitate
1877 2825 1996 2866 dicta

288 2898 403 2934 sunt.
453 2896 690 2944 „Difficile”
734 2897 845 2937 alter
886 2898 1059 2937 dixerat
1105 2897 1227 2945 „erat
1266 2894 1371 2935 olim
1405 2904 1485 2934 vas
1516 2896 1624 2934 adeo
1656 2893 1899 2944 pretiosum
1928 2892 1996 2933 die

288 2963 479 3003 dicatum
515 2965 705 3005 videre.‘’
739 2965 991 3006 succlamat
1021 2964 1132 3005 alter
1177 2963 1405 3014 „Profecto
1446 2963 1581 3003 etiam
1622 2971 1755 3011 nunc,
1788 2960 1994 3010 quoniam

289 3032 474 3072 simulac
507 3033 663 3082 aliquis
689 3034 907 3074 dedicavit
937 3034 1051 3083 rapit
1082 3032 1239 3072 alius.'’
1272 3031 1451 3071 Notavit
1483 3036 1560 3069 τῶν
1592 3029 1808 3081 ἱεροσύλων
1834 3027 1995 3069 aetatis

288 3108 393 3138 suae
425 3101 650 3140 audaciam
685 3101 963 3151 Philippides.

233 3166 296 3205 Fr.
336 3168 399 3205 13.
626 3165 759 3218 ὀρθῶς
790 3182 840 3221 γε
872 3167 945 3219 τὴν
974 3167 1107 3220 ῥύμην
1139 3165 1596 3219 ὧδοιπορήκαμεν.

288 3234 499 3283 Suspecta
531 3235 638 3274 mihi
672 3239 740 3275 est
772 3235 1007 3276 admodum
1049 3236 1092 3275 in
1125 3235 1306 3284 antiquo
1337 3234 1551 3284 scriptore
1582 3234 1726 3274 forma
1756 3229 1994 3283 ὁδοπεποιή-
