2216 3522
7 3086 24 3104 A*
18 3051 20 3063 .„
0 2885 24 3034 -w
0 2810 18 2872 „W-
0 2722 7 2762 ...ι
3 2680 6 2682 .

0 3282 39 3522 mmm
24 3258 26 3260 .
22 3211 27 3232 .„

1046 241 1128 281 129

157 350 162 355 ⁵
202 363 271 405 Fr.
305 365 404 406 234.
564 365 621 413 τίς
652 364 741 417 οὐχὶ
770 365 891 416 φήσει
920 366 1013 413 τοὺς
1044 365 1215 418 ἐρῶντας
1246 369 1338 419 ζῆν
1370 368 1591 419 μόνουςς

261 433 446 473 Multum
482 433 607 474 abest
638 435 687 474 ut
716 434 842 483 (quod
875 434 1072 483 perhibet
1102 435 1238 481 Kock)
1268 438 1398 485 poeta
1427 436 1542 476 dicat
1572 440 1773 477 amantes
1803 440 1962 481 misere

263 500 432 550 vivere;
462 501 612 541 omnia
642 502 778 551 enim,
810 504 981 551 praeter
1009 501 1218 542 ultimum
1249 503 1509 542 vocabulum
1540 501 1787 544 ἀθλιώτατον
1816 509 1963 556 procul

261 559 392 608 dubio
436 570 707 619 corruptum,
757 579 869 617 quae
915 571 1124 609 secuntur
1169 570 1286 610 dicta
1330 572 1435 610 sunt
1479 571 1524 610 in
1570 581 1721 611 eorum
1768 573 1961 626 laudem,

261 635 409 685 itaque
440 635 608 686 μόνους,
641 636 914 687 significans,
948 639 997 677 ut
1026 647 1251 687 persaepe,
1278 648 1377 678 cum
1410 640 1749 688 exaggeratione
1774 643 1963 689 quadam

263 703 445 752 magis
485 714 645 752 quam
686 704 856 753 alios,
900 705 1064 753 optime
1099 705 1264 744 dictum
1295 706 1363 744 est
1395 707 1439 744 et
1470 706 1610 746 multo
1640 707 1799 747 melius
1830 720 1962 758 quam

263 771 376 819 quod
416 771 509 821 ipse
550 772 774 821 proposuit
804 771 954 818 πόνοις.
987 773 1029 811 Si
1063 772 1164 822 quid
1196 773 1461 812 mutandum
1495 773 1625 823 foret,
1659 774 1821 815 melius
1852 779 1970 817 certe

264 848 365 877 cum
410 838 475 878 Bl.
517 839 780 878 scriberetur
818 837 875 885 τίς
915 850 1041 890 φησιν
1077 834 1180 878 εἶναι
1210 854 1241 878 τ.
1274 837 1303 878 ἐ.
1343 838 1398 890 μὴ
1438 841 1612 888 σοφούς,
1654 843 1765 890 quod
1803 845 1967 883 nemini

263 906 494 945 suaserim.
523 906 610 946 Nec
636 916 700 946 vs.
720 907 746 946 5
772 906 1003 956 ποιητικούς
1029 906 1360 946 sollicitaverim
1387 917 1559 947 memor
1583 908 1800 958 Euripidei
1828 910 1968 950 illius:

1155 972 1326 1024 ποιητὴν
1358 970 1395 1012 δ’
1431 972 1508 1025 ἄρα

619 1038 716 1091 ἔρως
748 1040 945 1087 διδάσκει,
975 1037 1052 1078 κᾶν
1083 1038 1261 1090 ἄμουσος
1291 1036 1317 1095 ᾖ
1348 1039 1391 1079 τὸ
1422 1041 1527 1091 πρίν.

265 1107 316 1146 In
357 1117 422 1146 vs.
459 1108 475 1145 1
524 1107 596 1157 ζῆν
637 1110 929 1157 praegnanter
964 1108 1131 1148 dictum
1163 1110 1231 1148 est
1262 1119 1339 1158 pro
1371 1103 1415 1147 εὖ
1448 1110 1538 1158 ζῆν,
1570 1111 1619 1148 ut
1658 1112 1833 1160 saepius
1868 1113 1969 1152 alibi

265 1175 310 1214 et
338 1174 385 1214 in
415 1175 510 1224 ipso
540 1174 592 1214 fr.
625 1175 827 1224 sequenti

1154 1241 1223 1282 τὸν
1253 1241 1328 1295 γὰρ
1359 1243 1528 1283 ὕστατον

620 1306 765 1360 τρέχων
795 1308 962 1349 δίαυλον
992 1315 1064 1349 τοῦ
1097 1310 1190 1361 βίου
1222 1311 1314 1360 ζῆν
1345 1311 1554 1362 βούλομαι.

266 1387 377 1426 quae
406 1386 634 1426 perperam
667 1377 981 1426 interpretatus
1013 1377 1134 1417 Kock
1163 1378 1467 1427 supplemento
1499 1388 1625 1428 egere
1655 1379 1851 1428 putabat.

207 1445 276 1484 Fr.
308 1445 409 1492 237,
443 1445 484 1483 3.
517 1444 580 1484 Bl.
625 1443 872 1484 casauboni
913 1446 959 1484 et
1000 1444 1207 1484 Palmerii
1238 1446 1537 1485 coniecturam
1571 1444 1702 1484 πίνειν
1732 1447 1967 1498 improbat,

266 1512 380 1561 quod
425 1510 468 1549 τὸ
513 1510 644 1550 πίνειν
690 1511 938 1550 includatur
975 1517 1028 1564 τῷ
1076 1511 1271 1559 δειπνεῖν,
1301 1511 1398 1551 coll.
1442 1511 1594 1551 Eubul.
1639 1513 1702 1551 111
1739 1514 1839 1553 208.
1881 1515 1969 1554 Nec

267 1580 419 1619 tamen
449 1581 588 1618 πονεῖν
624 1588 782 1618 sanum
813 1588 911 1618 esse
936 1579 1094 1628 potest.
1128 1578 1404 1618 Kockianum
1434 1577 1613 1629 ἀκίνητοι
1644 1578 1795 1626 ξυνέσει
1826 1581 1971 1631 displi-

268 1648 356 1697 cet,
404 1646 480 1686 sed
526 1645 636 1685 nihil
661 1646 771 1685 mihi
804 1646 1032 1695 succurrit,
1076 1646 1188 1694 quod
1219 1646 1273 1685 ab
1304 1646 1425 1686 omni
1455 1649 1579 1695 parte
1610 1646 1813 1687 sufficiat.
1855 1649 1971 1688 Nihil

268 1713 374 1753 dum
414 1713 575 1753 melius
615 1714 838 1763 repertum
879 1713 1052 1752 videtur
1090 1702 1222 1761 quam
1264 1713 1377 1762 quod
1417 1714 1578 1763 partim
1610 1723 1708 1753 cum
1741 1715 1970 1765 Sylburgio

267 1781 493 1830 proposuit
522 1780 730 1820 Meineke.

210 1848 279 1888 Fr.
313 1848 413 1897 239,
433 1848 474 1888 2.
507 1847 571 1887 Bl.
605 1845 702 1897 ἐκεῖ,
732 1847 845 1897 quod
877 1848 954 1886 vix
979 1848 1294 1898 necessarium,
1322 1848 1398 1887 sed
1420 1850 1538 1888 recte
1563 1846 1614 1887 ἄν
1635 1863 1691 1896 τις
1718 1846 1787 1887 ἕνα
1814 1844 1963 1891 <“τιν’>

270 1912 335 1954 ἐπὶ
365 1915 531 1954 δεῖπνον
564 1917 685 1969 καλῇ,
728 1924 830 1954 nam
875 1914 1058 1954 offendit
1088 1912 1152 1953 ἐπὶ
1181 1913 1234 1954 τὸ
1266 1914 1448 1965 δεῖπνον,
1478 1915 1573 1955 coll.
1606 1915 1687 1955 AV.
1721 1917 1827 1966 899,
1859 1918 1968 1956 Ran.

269 1982 376 2032 911,
409 1982 462 2022 fr.
499 1983 596 2032 149,
631 1982 671 2021 2.

209 2049 279 2089 Fr.
308 2050 408 2099 240,
437 2050 478 2089 4.
506 2049 720 2089 Richards
748 2049 932 2088 coniecit
963 2047 1148 2095 καινὸς
1184 2048 1351 2097 φθίνειν
1377 2063 1415 2087 τε
1442 2048 1514 2099 τὴν
1550 2048 1806 2089 ἐπιοῦσαν
1837 2045 1960 2090 <ab

230 2128 233 2130 ’
267 2115 402 2163 πάλιν,
425 2118 659 2166 postquam
685 2116 807 2155 Kock
832 2116 971 2155 voluit
986 2114 1059 2165 τὴν
1075 2121 1285 2165 παροῦσαν
1307 2109 1437 2156 <αὖ>
1459 2115 1592 2157 πάλιν.
1610 2117 1669 2157 At
1684 2118 1748 2156 ita
1764 2120 1970 2167 expectes

266 2189 335 2235 τῆς
380 2181 570 2235 ἐπιούσης
610 2186 688 2223 aut
727 2188 795 2233 τῆς
836 2183 1053 2234 παρούσης.
1097 2184 1195 2232 Ipse
1226 2184 1431 2233 proposui
1462 2183 1628 2233 φθίνειν
1659 2198 1698 2223 τε
1729 2183 1852 2234 μετὰ
1880 2189 1969 2234 (pro

266 2249 353 2302 τὴν)
392 2250 620 2302 παρουσίαν
659 2250 799 2297 πάλιν,
837 2247 950 2299 quod
993 2251 1206 2299 hodieque
1243 2251 1353 2289 mihi
1394 2251 1613 2300 probatur.
1655 2252 1803 2300 Neque
1844 2262 1909 2292 vs.
1943 2254 1968 2292 6

266 2319 377 2358 mihi
412 2317 636 2359 sufficiunt
666 2318 941 2357 coniecturae
972 2318 1017 2356 in
1048 2316 1211 2368 χαίρεις,
1236 2317 1393 2366 quibus
1420 2321 1701 2358 accesserunt
1725 2319 1969 2358 Naberiana

266 2382 297 2438 γ’
332 2385 456 2437 αἱρεῖς
487 2388 532 2425 et
562 2382 853 2434 Blaydesiana
876 2383 1012 2435 τείρεις
1039 2385 1167 2433 (quod
1198 2394 1286 2423 non
1312 2386 1382 2423 est
1407 2385 1599 2424 comicae
1626 2385 1861 2435 dictionis),
1894 2386 1970 2425 sed

267 2453 463 2494 nondum
494 2464 567 2493 me
598 2453 792 2503 poenitet
828 2452 974 2501 paullo
1006 2452 1251 2491 audacioris
1291 2452 1553 2501 suspicionis
1583 2451 1738 2498 κόπτεις
1764 2453 1850 2498 (vel
1874 2452 1970 2491 κόπ-

267 2532 391 2561 τουσα
420 2520 599 2572 χαίρεις),
628 2519 914 2569 obtundis,
941 2520 1053 2568 quod
1077 2519 1121 2558 in
1148 2519 1226 2558 tali
1253 2529 1300 2558 re
1326 2519 1526 2568 usurpari
1543 2519 1720 2558 assolet.
1739 2518 1800 2559 cf.
1817 2519 1971 2558 Alexis

268 2589 332 2628 ΙΙΙ
362 2590 449 2629 464
482 2589 537 2638 (2,
574 2589 644 2637 12)
676 2585 731 2637 μὴ
760 2586 879 2625 κόπτε
910 2588 965 2637 μ’,
995 2584 1093 2624 ἀλλὰ
1125 2584 1171 2624 τὰ
1202 2584 1315 2637 κρέας
1347 2586 1580 2635 Hegesipp.
1619 2585 1678 2624 IV
1714 2586 1799 2624 479
1828 2587 1883 2631 (3)
1914 2585 1969 2636 μὴ

268 2652 375 2696 κόπτ’
410 2653 493 2705 ἕμέ;
520 2656 744 2704 Sosipater
768 2653 827 2692 IV
854 2654 940 2693 482
969 2654 1055 2699 (20)
1080 2648 1158 2703 ἆρα
1184 2652 1234 2692 σύ
1259 2667 1306 2702 με
1330 2651 1491 2691 κόπτειν
1522 2647 1606 2698 οἷος
1637 2647 1673 2690 εἶ
1702 2666 1766 2703 γε;
1799 2653 1968 2692 Menan·

270 2723 347 2763 der
375 2722 435 2762 IV
462 2723 623 2768 204(1)
654 2720 692 2760 τί
718 2720 892 2768 κόπτεις,
933 2714 963 2759 ὧ
995 2718 1105 2769 μέλες
1148 2719 1267 2769 Quod
1299 2719 1441 2759 lenius
1472 2719 1608 2767 foret,
1646 2718 1816 2767 καίνεις,
1854 2730 1967 2759 ene-

270 2800 380 2840 cas,
408 2790 485 2829 vix
514 2789 599 2828 fert
629 2798 774 2828 sermo
807 2788 1159 2827 comicorum.—
1184 2786 1331 2838 χαίρεις
1363 2784 1561 2826 ὀλλύων
1594 2797 1747 2835 parum
1775 2787 1969 2836 speciose

269 2857 471 2906 BlaydeS.
503 2855 613 2896 Cum
644 2856 727 2895 hoc
760 2865 823 2894 vs.
859 2855 882 2894 7
919 2854 1075 2893 malim
1108 2853 1212 2892 ἔστιν
1244 2864 1321 2903 pro
1353 2852 1475 2892 ἔσται.
1507 2850 1511 2855 “

211 2925 280 2965 Fr.
313 2925 413 2974 242,
451 2925 487 2964 l.
529 2920 719 2962 οὐδέποτε
749 2921 914 2973 πράσων
945 2921 1093 2961 forsan
1126 2923 1243 2960 recte
1276 2921 1359 2969 Bl.,
1394 2930 1497 2959 nam
1530 2920 1711 2959 offendit
1743 2919 1968 2959 articulus.

212 2991 281 3032 Fr.
314 2991 415 3041 244,
448 2991 488 3030 2.
521 2989 635 3041 χοιδ
645 2979 704 3041 άῖ)
716 2985 739 3027 ι’
772 2986 946 3040 ἀκράτου
980 2998 1082 3027 vera
1113 2987 1332 3036 Blaydesii
1367 2987 1538 3026 videtur
1569 2988 1790 3026 correctio.

212 3058 282 3098 Fr.
316 3059 416 3108 245,
451 3058 491 3097 3.
534 3058 649 3106 Lege
689 3053 888 3111 ζῳγράφοι
931 3065 1031 3094 cum
1079 3054 1143 3094 Bl.
1188 3076 1221 3081 -r
1284 3053 1357 3092 Vs.
1402 3054 1468 3092 13.
1513 3049 1548 3091 δ’
1589 3052 1782 3104 Ἀχιλλέως
1820 3064 1896 3103 pro
1928 3051 1971 3091 δὲ

273 3125 464 3177 δαίμονος
505 3125 667 3164 dudum
710 3126 812 3163 ante
854 3123 917 3162 Bl.
951 3122 1154 3171 proposui
1187 3122 1292 3170 ipse.
1328 3143 1378 3148 —
1414 3120 1487 3159 Vs.
1526 3122 1577 3160 15
1614 3130 1678 3169 sq.
1722 3119 1794 3171 ἔχω
1827 3123 1870 3159 et
1901 3125 1970 3158 τοῦ

271 3192 494 3243 νοσήματος
528 3192 716 3232 coniecit
746 3191 973 3231 Richards.

213 3260 281 3300 Fr.
317 3261 417 3309 246,
451 3260 490 3298 2.
532 3258 728 3298 Meineke
768 3256 849 3297 ἐπεὶ
893 3256 1093 3307 Χαρίδης,
1133 3257 1200 3296 cui
1243 3255 1306 3294 Bl.
1340 3255 1533 3294 obiciens
1574 3264 1734 3293 nomen
1766 3263 1969 3303 graecum

1811 3323 1830 3350 ο
