<?xml version="1.0" encoding="UTF-8"?>
<!DOCTYPE html PUBLIC "-//W3C//DTD XHTML 1.0 Transitional//EN"
    "http://www.w3.org/TR/xhtml1/DTD/xhtml1-transitional.dtd">
<html xmlns="http://www.w3.org/1999/xhtml" xml:lang="en" lang="en">
 <head>
  <title>
</title>
<meta http-equiv="Content-Type" content="text/html;charset=utf-8" />
  <meta name='ocr-system' content='tesseract 3.04.00' />
  <meta name='ocr-capabilities' content='ocr_page ocr_carea ocr_par ocr_line ocrx_word'/>
</head>
<body>
  <div class='ocr_page' id='page_1' title='image "./collectaneacriti00herwuoft_0019.png"; bbox 0 0 2216 3522; ppageno 0'>
   <div class='ocr_carea' id='block_1_1' title="bbox 1031 230 1056 267">
    <p class='ocr_par' dir='ltr' id='par_1_1' title="bbox 1031 230 1056 267">
     <span class='ocr_line' id='line_1_1' title="bbox 1031 230 1056 267; baseline 0 0"><span class='ocrx_word' id='word_1_1' title='bbox 1031 230 1056 267; x_wconf 84' lang='lat'>5</span> 
     </span>
    </p>
   </div>
   <div class='ocr_carea' id='block_1_2' title="bbox 156 351 1926 3295">
    <p class='ocr_par' dir='ltr' id='par_1_2' title="bbox 213 351 1922 607">
     <span class='ocr_line' id='line_1_2' title="bbox 213 351 1922 406; baseline 0 -15"><span class='ocrx_word' id='word_1_2' title='bbox 213 351 424 391; x_wconf 83' lang='lat' dir='ltr'><strong>sollicitat</strong></span> <span class='ocrx_word' id='word_1_3' title='bbox 474 352 538 392; x_wconf 91' lang='lat' dir='ltr'><strong>Bl.</strong></span> <span class='ocrx_word' id='word_1_4' title='bbox 585 363 831 402; x_wconf 91' lang='lat' dir='ltr'><strong>proponens</strong></span> <span class='ocrx_word' id='word_1_5' title='bbox 871 363 1028 402; x_wconf 86' lang='lat' dir='ltr'><strong>parum</strong></span> <span class='ocrx_word' id='word_1_6' title='bbox 1075 353 1243 402; x_wconf 91' lang='lat' dir='ltr'><strong>poetice</strong></span> <span class='ocrx_word' id='word_1_7' title='bbox 1284 353 1526 403; x_wconf 79' lang='grc' dir='ltr'><strong><em>σκεπάζομαι</em></strong></span> <span class='ocrx_word' id='word_1_8' title='bbox 1567 354 1637 393; x_wconf 88' lang='lat' dir='ltr'><strong>vel</strong></span> <span class='ocrx_word' id='word_1_9' title='bbox 1679 353 1922 406; x_wconf 80' lang='grc' dir='ltr'><strong>στεγάζομαι.</strong></span> 
     </span>
     <span class='ocr_line' id='line_1_3' title="bbox 214 417 1919 472; baseline 0.002 -15"><span class='ocrx_word' id='word_1_10' title='bbox 214 417 371 458; x_wconf 81' lang='lat' dir='ltr'><strong>Verbis</strong></span> <span class='ocrx_word' id='word_1_11' title='bbox 400 420 584 467; x_wconf 87' lang='lat' dir='ltr'><strong>poeticis</strong></span> <span class='ocrx_word' id='word_1_12' title='bbox 619 420 744 460; x_wconf 87' lang='lat' dir='ltr'><strong>valde</strong></span> <span class='ocrx_word' id='word_1_13' title='bbox 774 421 937 470; x_wconf 88' lang='lat' dir='ltr'><strong>gaudet</strong></span> <span class='ocrx_word' id='word_1_14' title='bbox 968 420 1184 461; x_wconf 79' lang='lat' dir='ltr'>Cratinus.</span> <span class='ocrx_word' id='word_1_15' title='bbox 1219 421 1327 460; x_wconf 88' lang='lat' dir='ltr'>Vide</span> <span class='ocrx_word' id='word_1_16' title='bbox 1361 432 1400 461; x_wconf 91' lang='lat' dir='ltr'>v.</span> <span class='ocrx_word' id='word_1_17' title='bbox 1433 432 1469 461; x_wconf 88' lang='lat' dir='ltr'><strong>c.</strong></span> <span class='ocrx_word' id='word_1_18' title='bbox 1502 431 1567 461; x_wconf 82' lang='lat' dir='ltr'>VS.</span> <span class='ocrx_word' id='word_1_19' title='bbox 1602 422 1625 460; x_wconf 84' lang='lat'><strong>7</strong></span> <span class='ocrx_word' id='word_1_20' title='bbox 1659 420 1760 472; x_wconf 82' lang='grc' dir='ltr'><em>κάρα</em></span> <span class='ocrx_word' id='word_1_21' title='bbox 1791 420 1919 460; x_wconf 81' lang='grc' dir='ltr'><strong><em>πυκά-</em></strong></span> 
     </span>
     <span class='ocr_line' id='line_1_4' title="bbox 216 474 1921 539; baseline 0.001 -13"><span class='ocrx_word' id='word_1_22' title='bbox 216 474 698 538; x_wconf 17' lang='grc' dir='ltr'><strong><em>ζομλᾳιζστεφᾶνοῢμαι</em></strong></span> <span class='ocrx_word' id='word_1_23' title='bbox 743 486 816 537; x_wconf 83' lang='grc' dir='ltr'><strong>τὴν</strong></span> <span class='ocrx_word' id='word_1_24' title='bbox 857 488 1050 539; x_wconf 78' lang='grc' dir='ltr'><strong>κεφαλήν.</strong></span> <span class='ocrx_word' id='word_1_25' title='bbox 1084 511 1138 517; x_wconf 87' lang='grc'><strong>-</strong></span> <span class='ocrx_word' id='word_1_26' title='bbox 1177 488 1252 527; x_wconf 83' lang='lat' dir='ltr'>VS.</span> <span class='ocrx_word' id='word_1_27' title='bbox 1286 489 1312 528; x_wconf 89' lang='lat'>8</span> <span class='ocrx_word' id='word_1_28' title='bbox 1354 499 1430 538; x_wconf 84' lang='lat' dir='ltr'><strong>pro</strong></span> <span class='ocrx_word' id='word_1_29' title='bbox 1472 487 1538 527; x_wconf 79' lang='grc' dir='ltr'><strong>καὶ</strong></span> <span class='ocrx_word' id='word_1_30' title='bbox 1569 489 1686 528; x_wconf 87' lang='lat' dir='ltr'><strong>idem</strong></span> <span class='ocrx_word' id='word_1_31' title='bbox 1718 486 1824 538; x_wconf 73' lang='grc' dir='ltr'><strong><em>κᾶτι,</em></strong></span> <span class='ocrx_word' id='word_1_32' title='bbox 1853 487 1921 527; x_wconf 82' lang='grc' dir='ltr'><strong>καὶ</strong></span> 
     </span>
     <span class='ocr_line' id='line_1_5' title="bbox 215 549 847 607; baseline 0.002 -14"><span class='ocrx_word' id='word_1_33' title='bbox 215 551 336 604; x_wconf 76' lang='grc' dir='ltr'><em>πρός,</em></span> <span class='ocrx_word' id='word_1_34' title='bbox 358 549 468 607; x_wconf 76' lang='grc' dir='ltr'><strong>κᾷτα.</strong></span> <span class='ocrx_word' id='word_1_35' title='bbox 501 553 658 604; x_wconf 81' lang='lat' dir='ltr'>Quidni</span> <span class='ocrx_word' id='word_1_36' title='bbox 688 555 847 604; x_wconf 85' lang='lat' dir='ltr'><strong>plura?</strong></span> 
     </span>
    </p>

    <p class='ocr_par' dir='ltr' id='par_1_3' title="bbox 157 620 1922 740">
     <span class='ocr_line' id='line_1_6' title="bbox 157 620 1922 674; baseline 0.001 -14"><span class='ocrx_word' id='word_1_37' title='bbox 157 620 226 661; x_wconf 81' lang='lat' dir='ltr'><strong>Fr.</strong></span> <span class='ocrx_word' id='word_1_38' title='bbox 263 622 360 661; x_wconf 88' lang='grc'><strong>100.</strong></span> <span class='ocrx_word' id='word_1_39' title='bbox 391 622 457 662; x_wconf 92' lang='lat' dir='ltr'><strong>Bl.</strong></span> <span class='ocrx_word' id='word_1_40' title='bbox 503 622 671 670; x_wconf 78' lang='grc' dir='ltr'><strong><em>λευκοὺς</em></strong></span> <span class='ocrx_word' id='word_1_41' title='bbox 717 621 796 662; x_wconf 82' lang='grc' dir='ltr'><strong>ὑπὸ</strong></span> <span class='ocrx_word' id='word_1_42' title='bbox 838 620 957 662; x_wconf 82' lang='grc' dir='ltr'><strong><em>ποσὶν</em></strong></span> <span class='ocrx_word' id='word_1_43' title='bbox 996 623 1138 670; x_wconf 83' lang='grc' dir='ltr'><strong><em>πίλους</em></strong></span> <span class='ocrx_word' id='word_1_44' title='bbox 1178 621 1290 674; x_wconf 77' lang='grc' dir='ltr'><strong>ἔχων.</strong></span> <span class='ocrx_word' id='word_1_45' title='bbox 1333 623 1415 662; x_wconf 86' lang='lat' dir='ltr'><strong>Sed</strong></span> <span class='ocrx_word' id='word_1_46' title='bbox 1447 634 1531 672; x_wconf 88' lang='lat' dir='ltr'><strong>quo</strong></span> <span class='ocrx_word' id='word_1_47' title='bbox 1567 624 1742 663; x_wconf 78' lang='lat' dir='ltr'><strong>metro?</strong></span> <span class='ocrx_word' id='word_1_48' title='bbox 1773 623 1922 663; x_wconf 80' lang='lat' dir='ltr'><strong>Possis</strong></span> 
     </span>
     <span class='ocr_line' id='line_1_7' title="bbox 216 689 1286 740; baseline 0.001 -11"><span class='ocrx_word' id='word_1_49' title='bbox 216 689 350 730; x_wconf 85' lang='lat' dir='ltr'><strong>verba</strong></span> <span class='ocrx_word' id='word_1_50' title='bbox 381 691 544 730; x_wconf 84' lang='lat' dir='ltr'><strong>tradita</strong></span> <span class='ocrx_word' id='word_1_51' title='bbox 575 700 771 740; x_wconf 86' lang='lat' dir='ltr'><strong>servare,</strong></span> <span class='ocrx_word' id='word_1_52' title='bbox 805 691 1006 730; x_wconf 87' lang='lat' dir='ltr'><strong>versibus</strong></span> <span class='ocrx_word' id='word_1_53' title='bbox 1036 691 1100 730; x_wconf 90' lang='lat' dir='ltr'><strong>sic</strong></span> <span class='ocrx_word' id='word_1_54' title='bbox 1130 691 1286 730; x_wconf 86' lang='lat' dir='ltr'><strong>divisis</strong></span> 
     </span>
    </p>

    <p class='ocr_par' dir='ltr' id='par_1_4' title="bbox 215 756 1922 1001">
     <span class='ocr_line' id='line_1_8' title="bbox 989 756 1422 805; baseline -0.002 -8"><span class='ocrx_word' id='word_1_55' title='bbox 989 757 1158 805; x_wconf 83' lang='grc' dir='ltr'><strong><em>λευκοὺς</em></strong></span> <span class='ocrx_word' id='word_1_56' title='bbox 1190 756 1270 797; x_wconf 81' lang='grc' dir='ltr'><strong>ὑπὸ</strong></span> <span class='ocrx_word' id='word_1_57' title='bbox 1302 756 1422 797; x_wconf 84' lang='grc' dir='ltr'><strong><em>ποσὶν</em></strong></span> 
     </span>
     <span class='ocr_line' id='line_1_9' title="bbox 606 824 872 877; baseline 0.004 -13"><span class='ocrx_word' id='word_1_58' title='bbox 606 824 705 877; x_wconf 78' lang='grc' dir='ltr'><strong><em>ἔχων</em></strong></span> <span class='ocrx_word' id='word_1_59' title='bbox 731 826 872 873; x_wconf 83' lang='grc' dir='ltr'><strong><em>πίλους</em></strong></span> 
     </span>
     <span class='ocr_line' id='line_1_10' title="bbox 215 891 1922 943; baseline 0.001 -12"><span class='ocrx_word' id='word_1_60' title='bbox 215 891 311 932; x_wconf 88' lang='lat' dir='ltr'><strong>sine</strong></span> <span class='ocrx_word' id='word_1_61' title='bbox 350 893 441 932; x_wconf 88' lang='lat' dir='ltr'><strong>ulla</strong></span> <span class='ocrx_word' id='word_1_62' title='bbox 481 895 729 933; x_wconf 78' lang='lat' dir='ltr'><strong>mutatione</strong></span> <span class='ocrx_word' id='word_1_63' title='bbox 769 895 846 933; x_wconf 88' lang='lat' dir='ltr'><strong>aut</strong></span> <span class='ocrx_word' id='word_1_64' title='bbox 886 894 1243 943; x_wconf 80' lang='lat' dir='ltr'><strong>transpositione.</strong></span> <span class='ocrx_word' id='word_1_65' title='bbox 1280 894 1393 933; x_wconf 91' lang='lat' dir='ltr'><strong>Nam</strong></span> <span class='ocrx_word' id='word_1_66' title='bbox 1433 892 1578 933; x_wconf 83' lang='grc' dir='ltr'><strong><em>ποσσὶν</em></strong></span> <span class='ocrx_word' id='word_1_67' title='bbox 1621 894 1822 933; x_wconf 85' lang='lat' dir='ltr'><strong>Meinekii</strong></span> <span class='ocrx_word' id='word_1_68' title='bbox 1854 895 1922 933; x_wconf 89' lang='lat' dir='ltr'><strong>est</strong></span> 
     </span>
     <span class='ocr_line' id='line_1_11' title="bbox 217 960 910 1001; baseline 0.003 -2"><span class='ocrx_word' id='word_1_69' title='bbox 217 960 468 1000; x_wconf 79' lang='lat' dir='ltr'><strong>coniectura</strong></span> <span class='ocrx_word' id='word_1_70' title='bbox 498 961 629 1000; x_wconf 90' lang='lat' dir='ltr'><strong>dubia</strong></span> <span class='ocrx_word' id='word_1_71' title='bbox 659 961 910 1001; x_wconf 87' lang='lat' dir='ltr'><strong>admodum.</strong></span> 
     </span>
    </p>

    <p class='ocr_par' dir='ltr' id='par_1_5' title="bbox 158 1028 1920 1147">
     <span class='ocr_line' id='line_1_12' title="bbox 158 1028 1920 1079; baseline 0.001 -12"><span class='ocrx_word' id='word_1_72' title='bbox 158 1028 227 1068; x_wconf 90' lang='lat' dir='ltr'>Fr.</span> <span class='ocrx_word' id='word_1_73' title='bbox 263 1029 361 1068; x_wconf 98' lang='lat'>102.</span> <span class='ocrx_word' id='word_1_74' title='bbox 394 1028 742 1077; x_wconf 86' lang='lat' dir='ltr'><strong>Diligentissime</strong></span> <span class='ocrx_word' id='word_1_75' title='bbox 775 1030 821 1069; x_wconf 93' lang='lat' dir='ltr'>O.</span> <span class='ocrx_word' id='word_1_76' title='bbox 851 1029 1031 1070; x_wconf 87' lang='lat' dir='ltr'><strong>Crusius</strong></span> <span class='ocrx_word' id='word_1_77' title='bbox 1061 1030 1113 1069; x_wconf 91' lang='lat' dir='ltr'><strong>de</strong></span> <span class='ocrx_word' id='word_1_78' title='bbox 1144 1030 1226 1069; x_wconf 89' lang='lat' dir='ltr'><strong>hoc</strong></span> <span class='ocrx_word' id='word_1_79' title='bbox 1256 1030 1485 1079; x_wconf 87' lang='lat' dir='ltr'><strong>proverbio</strong></span> <span class='ocrx_word' id='word_1_80' title='bbox 1517 1030 1607 1079; x_wconf 88' lang='lat' dir='ltr'><strong>egit</strong></span> <span class='ocrx_word' id='word_1_81' title='bbox 1631 1030 1676 1069; x_wconf 90' lang='lat' dir='ltr'><strong>in</strong></span> <span class='ocrx_word' id='word_1_82' title='bbox 1702 1039 1920 1079; x_wconf 91' lang='lat' dir='ltr'><strong>program-</strong></span> 
     </span>
     <span class='ocr_line' id='line_1_13' title="bbox 217 1096 1524 1147; baseline 0.002 -13"><span class='ocrx_word' id='word_1_83' title='bbox 217 1096 338 1135; x_wconf 86' lang='lat' dir='ltr'><strong>mate</strong></span> <span class='ocrx_word' id='word_1_84' title='bbox 368 1096 542 1145; x_wconf 86' lang='lat' dir='ltr'><strong>Lipsiae</strong></span> <span class='ocrx_word' id='word_1_85' title='bbox 574 1107 612 1136; x_wconf 93' lang='lat' dir='ltr'><strong>a.</strong></span> <span class='ocrx_word' id='word_1_86' title='bbox 650 1097 781 1147; x_wconf 82' lang='lat'>1886,</span> <span class='ocrx_word' id='word_1_87' title='bbox 815 1108 855 1147; x_wconf 89' lang='lat' dir='ltr'><strong>p.</strong></span> <span class='ocrx_word' id='word_1_88' title='bbox 894 1098 960 1137; x_wconf 87' lang='lat'><strong>17.</strong></span> <span class='ocrx_word' id='word_1_89' title='bbox 994 1097 1078 1137; x_wconf 85' lang='lat' dir='ltr'><strong>Cft.</strong></span> <span class='ocrx_word' id='word_1_90' title='bbox 1110 1097 1338 1146; x_wconf 89' lang='lat' dir='ltr'><strong>Hermippi</strong></span> <span class='ocrx_word' id='word_1_91' title='bbox 1368 1098 1420 1137; x_wconf 89' lang='lat' dir='ltr'><strong>fr.</strong></span> <span class='ocrx_word' id='word_1_92' title='bbox 1457 1098 1524 1137; x_wconf 86' lang='lat'>70.</span> 
     </span>
    </p>

    <p class='ocr_par' dir='ltr' id='par_1_6' title="bbox 158 1159 1920 1282">
     <span class='ocr_line' id='line_1_14' title="bbox 158 1159 1920 1215; baseline 0 -13"><span class='ocrx_word' id='word_1_93' title='bbox 158 1163 227 1203; x_wconf 88' lang='lat' dir='ltr'>Fr.</span> <span class='ocrx_word' id='word_1_94' title='bbox 263 1163 361 1203; x_wconf 85' lang='lat'>105.</span> <span class='ocrx_word' id='word_1_95' title='bbox 392 1163 456 1203; x_wconf 94' lang='lat' dir='ltr'><strong>Bl.</strong></span> <span class='ocrx_word' id='word_1_96' title='bbox 489 1163 648 1213; x_wconf 88' lang='lat' dir='ltr'><strong>ubique</strong></span> <span class='ocrx_word' id='word_1_97' title='bbox 678 1159 822 1212; x_wconf 80' lang='grc' dir='ltr'><em>οἶσθας</em></span> <span class='ocrx_word' id='word_1_98' title='bbox 852 1175 909 1204; x_wconf 84' lang='lat' dir='ltr'><strong>ex</strong></span> <span class='ocrx_word' id='word_1_99' title='bbox 940 1160 1052 1211; x_wconf 83' lang='grc' dir='ltr'><strong><em>οἶδας</em></strong></span> <span class='ocrx_word' id='word_1_100' title='bbox 1084 1167 1128 1204; x_wconf 91' lang='lat' dir='ltr'><strong>et</strong></span> <span class='ocrx_word' id='word_1_101' title='bbox 1160 1161 1282 1203; x_wconf 84' lang='grc' dir='ltr'><strong><em>οἶσθα</em></strong></span> <span class='ocrx_word' id='word_1_102' title='bbox 1314 1167 1566 1215; x_wconf 90' lang='lat' dir='ltr'><strong>corruptum</strong></span> <span class='ocrx_word' id='word_1_103' title='bbox 1598 1165 1742 1214; x_wconf 87' lang='lat' dir='ltr'><strong>putat,</strong></span> <span class='ocrx_word' id='word_1_104' title='bbox 1775 1163 1852 1204; x_wconf 92' lang='lat' dir='ltr'><strong>sed</strong></span> <span class='ocrx_word' id='word_1_105' title='bbox 1877 1163 1920 1202; x_wconf 91' lang='lat' dir='ltr'><strong>in</strong></span> 
     </span>
     <span class='ocr_line' id='line_1_15' title="bbox 218 1227 1587 1282; baseline 0.001 -12"><span class='ocrx_word' id='word_1_106' title='bbox 218 1233 366 1271; x_wconf 89' lang='lat' dir='ltr'><strong>vetere</strong></span> <span class='ocrx_word' id='word_1_107' title='bbox 397 1232 623 1271; x_wconf 84' lang='lat' dir='ltr'><strong>comoedia</strong></span> <span class='ocrx_word' id='word_1_108' title='bbox 652 1232 795 1272; x_wconf 89' lang='lat' dir='ltr'><strong>forma</strong></span> <span class='ocrx_word' id='word_1_109' title='bbox 826 1227 938 1279; x_wconf 80' lang='grc' dir='ltr'><strong><em>οἶδας</em></strong></span> <span class='ocrx_word' id='word_1_110' title='bbox 970 1232 1096 1272; x_wconf 90' lang='lat' dir='ltr'><strong>valde</strong></span> <span class='ocrx_word' id='word_1_111' title='bbox 1127 1232 1238 1271; x_wconf 88' lang='lat' dir='ltr'><strong>mihi</strong></span> <span class='ocrx_word' id='word_1_112' title='bbox 1268 1234 1474 1282; x_wconf 89' lang='lat' dir='ltr'><strong>suspecta</strong></span> <span class='ocrx_word' id='word_1_113' title='bbox 1505 1234 1587 1271; x_wconf 88' lang='lat' dir='ltr'><strong>est.</strong></span> 
     </span>
    </p>

    <p class='ocr_par' dir='ltr' id='par_1_7' title="bbox 156 1295 1643 1352">
     <span class='ocr_line' id='line_1_16' title="bbox 156 1295 1643 1352; baseline -0.001 -13"><span class='ocrx_word' id='word_1_114' title='bbox 156 1299 225 1339; x_wconf 89' lang='lat' dir='ltr'>Fr.</span> <span class='ocrx_word' id='word_1_115' title='bbox 262 1299 360 1348; x_wconf 89' lang='lat'>108,</span> <span class='ocrx_word' id='word_1_116' title='bbox 395 1299 434 1338; x_wconf 83' lang='lat'>3.</span> <span class='ocrx_word' id='word_1_117' title='bbox 468 1295 580 1352; x_wconf 77' lang='grc' dir='ltr'><strong><em>ἐπῷζ’</em></strong></span> <span class='ocrx_word' id='word_1_118' title='bbox 616 1298 723 1346; x_wconf 69' lang='grc' dir='ltr'><strong><em>ὅπως</em></strong></span> <span class='ocrx_word' id='word_1_119' title='bbox 754 1300 991 1349; x_wconf 91' lang='lat' dir='ltr'><strong>probabilis</strong></span> <span class='ocrx_word' id='word_1_120' title='bbox 1022 1303 1091 1340; x_wconf 89' lang='lat' dir='ltr'><strong>est</strong></span> <span class='ocrx_word' id='word_1_121' title='bbox 1122 1301 1346 1349; x_wconf 87' lang='lat' dir='ltr'><strong>Blaydesii</strong></span> <span class='ocrx_word' id='word_1_122' title='bbox 1378 1300 1643 1340; x_wconf 88' lang='lat' dir='ltr'><strong>coniectura.</strong></span> 
     </span>
    </p>

    <p class='ocr_par' dir='ltr' id='par_1_8' title="bbox 156 1366 1400 1408">
     <span class='ocr_line' id='line_1_17' title="bbox 156 1366 1400 1408; baseline 0.002 -3"><span class='ocrx_word' id='word_1_123' title='bbox 156 1366 227 1406; x_wconf 88' lang='lat' dir='ltr'>Fr.</span> <span class='ocrx_word' id='word_1_124' title='bbox 263 1367 360 1406; x_wconf 87' lang='grc'><strong>116.</strong></span> <span class='ocrx_word' id='word_1_125' title='bbox 393 1366 608 1406; x_wconf 85' lang='lat' dir='ltr'><strong>Headlam</strong></span> <span class='ocrx_word' id='word_1_126' title='bbox 643 1369 786 1407; x_wconf 85' lang='lat' dir='ltr'><strong>tentat</strong></span> <span class='ocrx_word' id='word_1_127' title='bbox 818 1370 977 1408; x_wconf 87' lang='lat' dir='ltr'><strong>ceteris</strong></span> <span class='ocrx_word' id='word_1_128' title='bbox 1009 1369 1174 1408; x_wconf 85' lang='lat' dir='ltr'><strong>criticis</strong></span> <span class='ocrx_word' id='word_1_129' title='bbox 1205 1369 1400 1408; x_wconf 88' lang='lat' dir='ltr'><strong>felicius:</strong></span> 
     </span>
    </p>

    <p class='ocr_par' dir='ltr' id='par_1_9' title="bbox 456 1430 1775 1623">
     <span class='ocr_line' id='line_1_18' title="bbox 457 1430 1626 1490; baseline 0.002 -18"><span class='ocrx_word' id='word_1_130' title='bbox 457 1434 522 1473; x_wconf 85' lang='grc' dir='ltr'><strong>δεῖ</strong></span> <span class='ocrx_word' id='word_1_131' title='bbox 540 1430 764 1481; x_wconf 82' lang='grc' dir='ltr'><strong><em>’πιθέντα(ς</em></strong></span> <span class='ocrx_word' id='word_1_132' title='bbox 775 1436 810 1482; x_wconf 84' lang='lat'><strong>?)</strong></span> <span class='ocrx_word' id='word_1_133' title='bbox 842 1439 1099 1486; x_wconf 81' lang='grc' dir='ltr'><strong><em>συμποτικοῖς</em></strong></span> <span class='ocrx_word' id='word_1_134' title='bbox 1133 1435 1268 1486; x_wconf 87' lang='grc' dir='ltr'><strong><em>νόμοις</em></strong></span> <span class='ocrx_word' id='word_1_135' title='bbox 1299 1442 1352 1489; x_wconf 81' lang='grc' dir='ltr'><strong>τῷ</strong></span> <span class='ocrx_word' id='word_1_136' title='bbox 1383 1435 1560 1490; x_wconf 76' lang='grc' dir='ltr'><strong><em>κοττάβῳ</em></strong></span> <span class='ocrx_word' id='word_1_137' title='bbox 1623 1476 1626 1479; x_wconf 71' lang='grc'>,</span> 
     </span>
     <span class='ocr_line' id='line_1_19' title="bbox 456 1498 1601 1558; baseline 0.001 -18"><span class='ocrx_word' id='word_1_138' title='bbox 456 1498 644 1553; x_wconf 83' lang='grc' dir='ltr'><em>ὀξύβαφα</em></span> <span class='ocrx_word' id='word_1_139' title='bbox 674 1499 752 1541; x_wconf 82' lang='grc' dir='ltr'>κέν’</span> <span class='ocrx_word' id='word_1_140' title='bbox 786 1498 868 1542; x_wconf 81' lang='grc' dir='ltr'><strong><em>εἶτα</em></strong></span> <span class='ocrx_word' id='word_1_141' title='bbox 899 1504 1036 1554; x_wconf 82' lang='grc' dir='ltr'><em>βαλεῖν</em></span> <span class='ocrx_word' id='word_1_142' title='bbox 1067 1501 1358 1544; x_wconf 81' lang='grc' dir='ltr'><strong><em>ἐπινέον&lt;τα&gt;</em></strong></span> <span class='ocrx_word' id='word_1_143' title='bbox 1394 1509 1447 1558; x_wconf 81' lang='grc' dir='ltr'><strong>τῷ</strong></span> <span class='ocrx_word' id='word_1_144' title='bbox 1478 1509 1601 1557; x_wconf 81' lang='grc' dir='ltr'><strong><em>ποτῷ·</em></strong></span> 
     </span>
     <span class='ocr_line' id='line_1_20' title="bbox 461 1566 1775 1623; baseline -0.003 -13"><span class='ocrx_word' id='word_1_145' title='bbox 461 1575 588 1623; x_wconf 80' lang='grc' dir='ltr'>&lt;τῷ&gt;</span> <span class='ocrx_word' id='word_1_146' title='bbox 628 1567 671 1608; x_wconf 83' lang='grc' dir='ltr'><strong>δὲ</strong></span> <span class='ocrx_word' id='word_1_147' title='bbox 702 1570 934 1609; x_wconf 80' lang='grc' dir='ltr'><strong><em>ποντίσαντι</em></strong></span> <span class='ocrx_word' id='word_1_148' title='bbox 963 1569 1070 1621; x_wconf 80' lang='grc' dir='ltr'><strong><em>νέμω</em></strong></span> <span class='ocrx_word' id='word_1_149' title='bbox 1100 1573 1260 1610; x_wconf 80' lang='grc' dir='ltr'><strong><em>πλεῖστα</em></strong></span> <span class='ocrx_word' id='word_1_150' title='bbox 1303 1566 1467 1610; x_wconf 83' lang='grc' dir='ltr'><em>&lt;τᾶθλα</em></span> <span class='ocrx_word' id='word_1_151' title='bbox 1497 1575 1601 1621; x_wconf 84' lang='grc' dir='ltr'><strong><em>τῆς&gt;</em></strong></span> <span class='ocrx_word' id='word_1_152' title='bbox 1644 1569 1775 1620; x_wconf 77' lang='grc' dir='ltr'><strong>τύχης.</strong></span> 
     </span>
    </p>

    <p class='ocr_par' dir='ltr' id='par_1_10' title="bbox 159 1635 1848 1687">
     <span class='ocr_line' id='line_1_21' title="bbox 159 1635 1848 1687; baseline -0.001 -12"><span class='ocrx_word' id='word_1_153' title='bbox 159 1635 229 1675; x_wconf 90' lang='lat' dir='ltr'>Fr.</span> <span class='ocrx_word' id='word_1_154' title='bbox 266 1636 362 1676; x_wconf 87' lang='lat'>123.</span> <span class='ocrx_word' id='word_1_155' title='bbox 395 1635 504 1676; x_wconf 87' lang='lat' dir='ltr'><strong>Cum</strong></span> <span class='ocrx_word' id='word_1_156' title='bbox 536 1637 704 1677; x_wconf 88' lang='lat' dir='ltr'><strong>Nabero</strong></span> <span class='ocrx_word' id='word_1_157' title='bbox 734 1637 869 1678; x_wconf 87' lang='lat' dir='ltr'><strong>verba</strong></span> <span class='ocrx_word' id='word_1_158' title='bbox 898 1636 1070 1678; x_wconf 78' lang='grc' dir='ltr'><strong><em>ἀποτιλῶ</em></strong></span> <span class='ocrx_word' id='word_1_159' title='bbox 1101 1636 1177 1677; x_wconf 80' lang='grc' dir='ltr'><strong>κτὲ.</strong></span> <span class='ocrx_word' id='word_1_160' title='bbox 1208 1639 1335 1678; x_wconf 87' lang='lat' dir='ltr'><strong>alteri</strong></span> <span class='ocrx_word' id='word_1_161' title='bbox 1365 1648 1575 1687; x_wconf 82' lang='lat' dir='ltr'><strong>personae</strong></span> <span class='ocrx_word' id='word_1_162' title='bbox 1604 1636 1848 1676; x_wconf 87' lang='lat' dir='ltr'><strong>tribuenda.</strong></span> 
     </span>
    </p>

    <p class='ocr_par' dir='ltr' id='par_1_11' title="bbox 160 1694 1924 1822">
     <span class='ocr_line' id='line_1_22' title="bbox 160 1694 1924 1757; baseline -0.001 -15"><span class='ocrx_word' id='word_1_163' title='bbox 160 1702 229 1743; x_wconf 90' lang='lat' dir='ltr'>Fr.</span> <span class='ocrx_word' id='word_1_164' title='bbox 265 1703 362 1742; x_wconf 88' lang='lat'>124.</span> <span class='ocrx_word' id='word_1_165' title='bbox 404 1703 454 1743; x_wconf 89' lang='lat' dir='ltr'>R.</span> <span class='ocrx_word' id='word_1_166' title='bbox 487 1704 595 1743; x_wconf 87' lang='lat' dir='ltr'><strong>Ellis</strong></span> <span class='ocrx_word' id='word_1_167' title='bbox 634 1703 853 1756; x_wconf 77' lang='grc' dir='ltr'><strong><em>γέγραπταί</em></strong></span> <span class='ocrx_word' id='word_1_168' title='bbox 890 1716 968 1754; x_wconf 90' lang='lat' dir='ltr'><strong>pro</strong></span> <span class='ocrx_word' id='word_1_169' title='bbox 1008 1694 1207 1757; x_wconf 64' lang='grc' dir='ltr'><strong>γέγραφε.’</strong></span> <span class='ocrx_word' id='word_1_170' title='bbox 1232 1705 1513 1755; x_wconf 87' lang='lat' dir='ltr'><strong>Rutherford,</strong></span> <span class='ocrx_word' id='word_1_171' title='bbox 1553 1705 1697 1744; x_wconf 87' lang='lat' dir='ltr'><strong>citans</strong></span> <span class='ocrx_word' id='word_1_172' title='bbox 1727 1702 1924 1751; x_wconf 89' lang='lat' dir='ltr'><strong>Hilbergi</strong></span> 
     </span>
     <span class='ocr_line' id='line_1_23' title="bbox 218 1769 1307 1822; baseline 0.004 -14"><span class='ocrx_word' id='word_1_173' title='bbox 218 1769 376 1810; x_wconf 88' lang='lat' dir='ltr'><strong>librum</strong></span> <span class='ocrx_word' id='word_1_174' title='bbox 409 1770 497 1809; x_wconf 83' lang='lat' dir='ltr'><strong>Das</strong></span> <span class='ocrx_word' id='word_1_175' title='bbox 530 1771 702 1822; x_wconf 88' lang='lat' dir='ltr'><strong>Princip</strong></span> <span class='ocrx_word' id='word_1_176' title='bbox 733 1773 810 1812; x_wconf 92' lang='lat' dir='ltr'><strong>der</strong></span> <span class='ocrx_word' id='word_1_177' title='bbox 841 1773 1150 1822; x_wconf 80' lang='lat' dir='ltr'><strong>Silbewagung</strong></span> <span class='ocrx_word' id='word_1_178' title='bbox 1178 1783 1218 1822; x_wconf 87' lang='lat' dir='ltr'>p.</span> <span class='ocrx_word' id='word_1_179' title='bbox 1253 1773 1307 1812; x_wconf 79' lang='lat'><strong>52</strong></span> 
     </span>
    </p>

    <p class='ocr_par' dir='ltr' id='par_1_12' title="bbox 487 1839 1576 1959">
     <span class='ocr_line' id='line_1_24' title="bbox 1289 1839 1446 1891; baseline -0.006 -13"><span class='ocrx_word' id='word_1_180' title='bbox 1289 1839 1446 1891; x_wconf 81' lang='grc' dir='ltr'><strong><em>χρυσίδι</em></strong></span> 
     </span>
     <span class='ocr_line' id='line_1_25' title="bbox 487 1904 1576 1959; baseline 0 -15"><span class='ocrx_word' id='word_1_181' title='bbox 487 1904 691 1957; x_wconf 77' lang='grc' dir='ltr'><em>σπένδων,</em></span> <span class='ocrx_word' id='word_1_182' title='bbox 722 1905 976 1959; x_wconf 80' lang='grc' dir='ltr'><strong><em>ἀναγραφεῦ,</em></strong></span> <span class='ocrx_word' id='word_1_183' title='bbox 1006 1911 1088 1954; x_wconf 86' lang='grc' dir='ltr'><strong><em>τοῖς</em></strong></span> <span class='ocrx_word' id='word_1_184' title='bbox 1121 1905 1236 1957; x_wconf 78' lang='grc' dir='ltr'><strong><em>ὄφεσι</em></strong></span> <span class='ocrx_word' id='word_1_185' title='bbox 1267 1910 1374 1946; x_wconf 82' lang='grc' dir='ltr'><strong><em>πιεῖν</em></strong></span> <span class='ocrx_word' id='word_1_186' title='bbox 1406 1906 1576 1945; x_wconf 80' lang='grc' dir='ltr'><strong><em>δίδου.</em></strong></span> 
     </span>
    </p>

    <p class='ocr_par' dir='ltr' id='par_1_13' title="bbox 167 1970 1924 2216">
     <span class='ocr_line' id='line_1_26' title="bbox 167 1970 1924 2025; baseline -0.002 -12"><span class='ocrx_word' id='word_1_187' title='bbox 167 2010 170 2013; x_wconf 79' lang='grc'><strong><em>,</em></strong></span> <span class='ocrx_word' id='word_1_188' title='bbox 218 1972 517 2022; x_wconf 79' lang='lat' dir='ltr'><strong>‚Apparently</strong></span> <span class='ocrx_word' id='word_1_189' title='bbox 557 1974 634 2013; x_wconf 90' lang='lat' dir='ltr'><strong>the</strong></span> <span class='ocrx_word' id='word_1_190' title='bbox 673 1975 914 2025; x_wconf 86' lang='lat' dir='ltr'><strong>Registrar,</strong></span> <span class='ocrx_word' id='word_1_191' title='bbox 959 1976 1126 2024; x_wconf 86' lang='lat' dir='ltr'><strong>fearing</strong></span> <span class='ocrx_word' id='word_1_192' title='bbox 1166 1976 1264 2014; x_wconf 82' lang='lat' dir='ltr'><strong>that</strong></span> <span class='ocrx_word' id='word_1_193' title='bbox 1303 1975 1372 2014; x_wconf 89' lang='lat' dir='ltr'><strong>his</strong></span> <span class='ocrx_word' id='word_1_194' title='bbox 1411 1974 1666 2022; x_wconf 87' lang='lat' dir='ltr'><strong>occupation</strong></span> <span class='ocrx_word' id='word_1_195' title='bbox 1712 1972 1751 2010; x_wconf 87' lang='lat' dir='ltr'><strong>is</strong></span> <span class='ocrx_word' id='word_1_196' title='bbox 1790 1970 1924 2018; x_wconf 89' lang='lat' dir='ltr'><strong>likely</strong></span> 
     </span>
     <span class='ocr_line' id='line_1_27' title="bbox 214 2039 1922 2092; baseline -0.002 -13"><span class='ocrx_word' id='word_1_197' title='bbox 214 2042 261 2079; x_wconf 88' lang='lat' dir='ltr'><strong>to</strong></span> <span class='ocrx_word' id='word_1_198' title='bbox 291 2040 379 2090; x_wconf 92' lang='lat' dir='ltr'><strong>die,</strong></span> <span class='ocrx_word' id='word_1_199' title='bbox 406 2042 488 2080; x_wconf 88' lang='lat' dir='ltr'><strong>has</strong></span> <span class='ocrx_word' id='word_1_200' title='bbox 519 2053 630 2090; x_wconf 88' lang='lat' dir='ltr'><strong>gone</strong></span> <span class='ocrx_word' id='word_1_201' title='bbox 662 2045 707 2082; x_wconf 87' lang='lat' dir='ltr'><strong>to</strong></span> <span class='ocrx_word' id='word_1_202' title='bbox 739 2044 815 2082; x_wconf 76' lang='lat' dir='ltr'><strong>the</strong></span> <span class='ocrx_word' id='word_1_203' title='bbox 846 2043 1011 2092; x_wconf 87' lang='lat' dir='ltr'><strong>temple</strong></span> <span class='ocrx_word' id='word_1_204' title='bbox 1043 2043 1090 2082; x_wconf 86' lang='lat' dir='ltr'><strong>of</strong></span> <span class='ocrx_word' id='word_1_205' title='bbox 1116 2042 1349 2091; x_wconf 88' lang='lat' dir='ltr'><strong>Asklepios</strong></span> <span class='ocrx_word' id='word_1_206' title='bbox 1380 2044 1425 2081; x_wconf 93' lang='lat' dir='ltr'><strong>to</strong></span> <span class='ocrx_word' id='word_1_207' title='bbox 1466 2051 1573 2090; x_wconf 86' lang='lat' dir='ltr'><strong>pray</strong></span> <span class='ocrx_word' id='word_1_208' title='bbox 1603 2040 1669 2079; x_wconf 84' lang='lat' dir='ltr'><strong>for</strong></span> <span class='ocrx_word' id='word_1_209' title='bbox 1699 2039 1759 2077; x_wconf 89' lang='lat' dir='ltr'><strong>its</strong></span> <span class='ocrx_word' id='word_1_210' title='bbox 1790 2039 1922 2077; x_wconf 88' lang='lat' dir='ltr'><strong>resto·</strong></span> 
     </span>
     <span class='ocr_line' id='line_1_28' title="bbox 215 2108 1923 2158; baseline -0.002 -11"><span class='ocrx_word' id='word_1_211' title='bbox 215 2108 360 2147; x_wconf 90' lang='lat' dir='ltr'><strong>ration</strong></span> <span class='ocrx_word' id='word_1_212' title='bbox 400 2109 446 2148; x_wconf 93' lang='lat' dir='ltr'><strong>to</strong></span> <span class='ocrx_word' id='word_1_213' title='bbox 488 2109 682 2149; x_wconf 88' lang='lat' dir='ltr'><strong>health”.</strong></span> <span class='ocrx_word' id='word_1_214' title='bbox 729 2111 834 2150; x_wconf 86' lang='lat' dir='ltr'><strong>Mihi</strong></span> <span class='ocrx_word' id='word_1_215' title='bbox 880 2111 962 2150; x_wconf 87' lang='lat' dir='ltr'><strong>hoc</strong></span> <span class='ocrx_word' id='word_1_216' title='bbox 1007 2112 1183 2150; x_wconf 84' lang='lat' dir='ltr'><strong>tantum</strong></span> <span class='ocrx_word' id='word_1_217' title='bbox 1230 2109 1369 2158; x_wconf 86' lang='lat' dir='ltr'><strong>liquet</strong></span> <span class='ocrx_word' id='word_1_218' title='bbox 1414 2108 1641 2147; x_wconf 87' lang='lat' dir='ltr'><strong>trimetros</strong></span> <span class='ocrx_word' id='word_1_219' title='bbox 1682 2115 1798 2155; x_wconf 87' lang='lat' dir='ltr'><strong>esse,</strong></span> <span class='ocrx_word' id='word_1_220' title='bbox 1837 2114 1923 2144; x_wconf 92' lang='lat' dir='ltr'><strong>non</strong></span> 
     </span>
     <span class='ocr_line' id='line_1_29' title="bbox 217 2177 516 2216; baseline 0.003 -1"><span class='ocrx_word' id='word_1_221' title='bbox 217 2177 516 2216; x_wconf 84' lang='lat' dir='ltr'><strong>tetrametros.</strong></span> 
     </span>
    </p>

    <p class='ocr_par' dir='ltr' id='par_1_14' title="bbox 160 2237 1925 2562">
     <span class='ocr_line' id='line_1_30' title="bbox 160 2237 1925 2294; baseline -0.002 -12"><span class='ocrx_word' id='word_1_222' title='bbox 160 2242 228 2282; x_wconf 89' lang='lat' dir='ltr'><strong>Fr.</strong></span> <span class='ocrx_word' id='word_1_223' title='bbox 259 2243 356 2282; x_wconf 90' lang='lat'>128.</span> <span class='ocrx_word' id='word_1_224' title='bbox 390 2243 437 2283; x_wconf 94' lang='grc' dir='ltr'><strong>Ο.</strong></span> <span class='ocrx_word' id='word_1_225' title='bbox 471 2243 651 2283; x_wconf 89' lang='lat' dir='ltr'><strong>Crusius</strong></span> <span class='ocrx_word' id='word_1_226' title='bbox 686 2245 789 2294; x_wconf 85' lang='lat' dir='ltr'><strong>„sed</strong></span> <span class='ocrx_word' id='word_1_227' title='bbox 820 2245 1037 2284; x_wconf 90' lang='lat' dir='ltr'><strong>Zenobius</strong></span> <span class='ocrx_word' id='word_1_228' title='bbox 1071 2246 1123 2284; x_wconf 88' lang='lat'><strong>71</strong></span> <span class='ocrx_word' id='word_1_229' title='bbox 1159 2255 1200 2294; x_wconf 89' lang='lat' dir='ltr'>p.</span> <span class='ocrx_word' id='word_1_230' title='bbox 1235 2245 1289 2283; x_wconf 88' lang='lat'><strong>26</strong></span> <span class='ocrx_word' id='word_1_231' title='bbox 1322 2243 1455 2283; x_wconf 87' lang='lat' dir='ltr'><strong>habet</strong></span> <span class='ocrx_word' id='word_1_232' title='bbox 1486 2242 1548 2281; x_wconf 81' lang='grc' dir='ltr'><strong>ἐπὶ</strong></span> <span class='ocrx_word' id='word_1_233' title='bbox 1579 2248 1656 2281; x_wconf 84' lang='grc' dir='ltr'><strong>τῶν</strong></span> <span class='ocrx_word' id='word_1_234' title='bbox 1689 2237 1747 2281; x_wconf 84' lang='grc' dir='ltr'><strong>οὐ</strong></span> <span class='ocrx_word' id='word_1_235' title='bbox 1779 2239 1925 2294; x_wconf 79' lang='grc' dir='ltr'><strong><em>ῥᾳδίως</em></strong></span> 
     </span>
     <span class='ocr_line' id='line_1_31' title="bbox 219 2307 1924 2361; baseline -0.001 -13"><span class='ocrx_word' id='word_1_236' title='bbox 219 2309 362 2359; x_wconf 79' lang='grc' dir='ltr'><strong><em>δώροις</em></strong></span> <span class='ocrx_word' id='word_1_237' title='bbox 409 2307 692 2360; x_wconf 70' lang='grc' dir='ltr'><strong>ἁλισκομένων.</strong></span> <span class='ocrx_word' id='word_1_238' title='bbox 739 2312 862 2351; x_wconf 90' lang='lat' dir='ltr'><strong>Dona</strong></span> <span class='ocrx_word' id='word_1_239' title='bbox 901 2312 1077 2361; x_wconf 88' lang='lat' dir='ltr'><strong>quidem</strong></span> <span class='ocrx_word' id='word_1_240' title='bbox 1121 2312 1278 2360; x_wconf 88' lang='lat' dir='ltr'><strong>accipit</strong></span> <span class='ocrx_word' id='word_1_241' title='bbox 1320 2311 1503 2350; x_wconf 87' lang='lat' dir='ltr'><strong>callidus</strong></span> <span class='ocrx_word' id='word_1_242' title='bbox 1536 2311 1685 2359; x_wconf 91' lang='lat' dir='ltr'><strong>homo,</strong></span> <span class='ocrx_word' id='word_1_243' title='bbox 1729 2308 1806 2348; x_wconf 92' lang='lat' dir='ltr'><strong>sed</strong></span> <span class='ocrx_word' id='word_1_244' title='bbox 1838 2317 1924 2347; x_wconf 93' lang='lat' dir='ltr'><strong>non</strong></span> 
     </span>
     <span class='ocr_line' id='line_1_32' title="bbox 218 2375 1925 2429; baseline -0.002 -12"><span class='ocrx_word' id='word_1_245' title='bbox 218 2377 325 2417; x_wconf 84' lang='lat' dir='ltr'><strong>facit</strong></span> <span class='ocrx_word' id='word_1_246' title='bbox 370 2379 482 2427; x_wconf 90' lang='lat' dir='ltr'><strong>quod</strong></span> <span class='ocrx_word' id='word_1_247' title='bbox 528 2380 751 2428; x_wconf 86' lang='lat' dir='ltr'><strong>promisit,</strong></span> <span class='ocrx_word' id='word_1_248' title='bbox 796 2383 844 2419; x_wconf 89' lang='lat' dir='ltr'><strong>ut</strong></span> <span class='ocrx_word' id='word_1_249' title='bbox 889 2380 1041 2429; x_wconf 88' lang='lat' dir='ltr'><strong>vulpes</strong></span> <span class='ocrx_word' id='word_1_250' title='bbox 1083 2389 1185 2418; x_wconf 82' lang='lat' dir='ltr'><strong>esca</strong></span> <span class='ocrx_word' id='word_1_251' title='bbox 1225 2379 1402 2427; x_wconf 89' lang='lat' dir='ltr'><strong>quidem</strong></span> <span class='ocrx_word' id='word_1_252' title='bbox 1443 2378 1622 2426; x_wconf 86' lang='lat' dir='ltr'><strong>potitur,</strong></span> <span class='ocrx_word' id='word_1_253' title='bbox 1655 2376 1728 2415; x_wconf 91' lang='lat' dir='ltr'><strong>sed</strong></span> <span class='ocrx_word' id='word_1_254' title='bbox 1763 2375 1842 2423; x_wconf 87' lang='lat' dir='ltr'><strong>ita,</strong></span> <span class='ocrx_word' id='word_1_255' title='bbox 1876 2375 1925 2413; x_wconf 86' lang='lat' dir='ltr'><strong>ut</strong></span> 
     </span>
     <span class='ocr_line' id='line_1_33' title="bbox 220 2438 1925 2495; baseline -0.003 -10"><span class='ocrx_word' id='word_1_256' title='bbox 220 2446 314 2494; x_wconf 86' lang='lat' dir='ltr'><strong>ipse</strong></span> <span class='ocrx_word' id='word_1_257' title='bbox 359 2456 446 2485; x_wconf 93' lang='lat' dir='ltr'><strong>non</strong></span> <span class='ocrx_word' id='word_1_258' title='bbox 492 2446 703 2495; x_wconf 84' lang='lat' dir='ltr'><strong>capiatur.</strong></span> <span class='ocrx_word' id='word_1_259' title='bbox 754 2446 815 2486; x_wconf 87' lang='lat' dir='ltr'>Cf.</span> <span class='ocrx_word' id='word_1_260' title='bbox 858 2438 983 2486; x_wconf 76' lang='lat' dir='ltr'><strong>Babr.</strong></span> <span class='ocrx_word' id='word_1_261' title='bbox 1026 2446 1126 2486; x_wconf 83' lang='lat' dir='ltr'><strong>Vat.</strong></span> <span class='ocrx_word' id='word_1_262' title='bbox 1169 2447 1240 2485; x_wconf 87' lang='lat'>9.&#39;&#39;</span> <span class='ocrx_word' id='word_1_263' title='bbox 1282 2445 1433 2493; x_wconf 81' lang='lat' dir='ltr'><strong>Recte,</strong></span> <span class='ocrx_word' id='word_1_264' title='bbox 1478 2444 1553 2483; x_wconf 91' lang='lat' dir='ltr'><strong>sed</strong></span> <span class='ocrx_word' id='word_1_265' title='bbox 1588 2444 1747 2482; x_wconf 91' lang='lat' dir='ltr'><strong>iniuria</strong></span> <span class='ocrx_word' id='word_1_266' title='bbox 1776 2444 1925 2481; x_wconf 89' lang='lat' dir='ltr'><strong>tuetur</strong></span> 
     </span>
     <span class='ocr_line' id='line_1_34' title="bbox 222 2513 964 2562; baseline 0 -10"><span class='ocrx_word' id='word_1_267' title='bbox 222 2513 413 2552; x_wconf 80' lang='lat' dir='ltr'><strong>formam</strong></span> <span class='ocrx_word' id='word_1_268' title='bbox 445 2514 638 2553; x_wconf 82' lang='lat' dir='ltr'><strong>mediam</strong></span> <span class='ocrx_word' id='word_1_269' title='bbox 672 2514 964 2562; x_wconf 76' lang='grc' dir='ltr'><strong><em>δωροδοκεῐται.</em></strong></span> 
     </span>
    </p>

    <p class='ocr_par' dir='ltr' id='par_1_15' title="bbox 163 2578 1926 3036">
     <span class='ocr_line' id='line_1_35' title="bbox 163 2578 1926 2634; baseline -0.002 -14"><span class='ocrx_word' id='word_1_270' title='bbox 163 2581 232 2621; x_wconf 87' lang='lat' dir='ltr'>Fr.</span> <span class='ocrx_word' id='word_1_271' title='bbox 278 2581 375 2620; x_wconf 86' lang='lat'>129.</span> <span class='ocrx_word' id='word_1_272' title='bbox 420 2581 739 2632; x_wconf 76' lang='grc' dir='ltr'><strong><em>παραλεξάμενος</em></strong></span> <span class='ocrx_word' id='word_1_273' title='bbox 769 2599 823 2615; x_wconf 91' lang='lat'>=</span> <span class='ocrx_word' id='word_1_274' title='bbox 852 2581 1140 2634; x_wconf 78' lang='grc' dir='ltr'><strong><em>συγγενόμενος</em></strong></span> <span class='ocrx_word' id='word_1_275' title='bbox 1197 2592 1296 2620; x_wconf 88' lang='lat' dir='ltr'><strong>cum</strong></span> <span class='ocrx_word' id='word_1_276' title='bbox 1355 2579 1567 2619; x_wconf 87' lang='lat' dir='ltr'><strong>Meinekio</strong></span> <span class='ocrx_word' id='word_1_277' title='bbox 1623 2578 1717 2617; x_wconf 90' lang='lat' dir='ltr'><strong>iure</strong></span> <span class='ocrx_word' id='word_1_278' title='bbox 1777 2579 1926 2617; x_wconf 89' lang='lat' dir='ltr'><strong>tuetur</strong></span> 
     </span>
     <span class='ocr_line' id='line_1_36' title="bbox 221 2644 1925 2700; baseline -0.003 -13"><span class='ocrx_word' id='word_1_279' title='bbox 221 2648 286 2688; x_wconf 92' lang='lat' dir='ltr'><strong>Bl.</strong></span> <span class='ocrx_word' id='word_1_280' title='bbox 334 2648 462 2687; x_wconf 89' lang='lat' dir='ltr'><strong>Locis</strong></span> <span class='ocrx_word' id='word_1_281' title='bbox 509 2649 683 2688; x_wconf 78' lang='lat' dir='ltr'><strong>collatis</strong></span> <span class='ocrx_word' id='word_1_282' title='bbox 724 2660 750 2689; x_wconf 88' lang='lat' dir='ltr'><strong>a</strong></span> <span class='ocrx_word' id='word_1_283' title='bbox 790 2650 957 2690; x_wconf 87' lang='lat' dir='ltr'><strong>Kockio</strong></span> <span class='ocrx_word' id='word_1_284' title='bbox 999 2650 1108 2689; x_wconf 90' lang='lat' dir='ltr'><strong>addo</strong></span> <span class='ocrx_word' id='word_1_285' title='bbox 1150 2649 1344 2697; x_wconf 66' lang='lat' dir='ltr'>Eq.‚806</span> <span class='ocrx_word' id='word_1_286' title='bbox 1376 2646 1442 2685; x_wconf 79' lang='grc' dir='ltr'><strong>καὶ</strong></span> <span class='ocrx_word' id='word_1_287' title='bbox 1473 2646 1679 2700; x_wconf 82' lang='grc' dir='ltr'><em>στεμφύλῳ</em></span> <span class='ocrx_word' id='word_1_288' title='bbox 1721 2644 1775 2691; x_wconf 84' lang='grc' dir='ltr'><strong>εἰς</strong></span> <span class='ocrx_word' id='word_1_289' title='bbox 1807 2644 1925 2696; x_wconf 76' lang='grc' dir='ltr'><strong><em>λόγον</em></strong></span> 
     </span>
     <span class='ocr_line' id='line_1_37' title="bbox 220 2708 1925 2769; baseline -0.002 -16"><span class='ocrx_word' id='word_1_290' title='bbox 220 2714 332 2769; x_wconf 67' lang='grc' dir='ltr'><strong>ἔλθῃ.</strong></span> <span class='ocrx_word' id='word_1_291' title='bbox 363 2708 538 2755; x_wconf 70' lang='grc' dir='ltr'><strong><em>Βοὴοο</em></strong></span> <span class='ocrx_word' id='word_1_292' title='bbox 568 2716 817 2765; x_wconf 87' lang='lat' dir='ltr'><strong>fragmento</strong></span> <span class='ocrx_word' id='word_1_293' title='bbox 849 2718 1027 2756; x_wconf 91' lang='lat' dir='ltr'><strong>omnino</strong></span> <span class='ocrx_word' id='word_1_294' title='bbox 1060 2717 1156 2755; x_wconf 91' lang='lat' dir='ltr'><strong>vide</strong></span> <span class='ocrx_word' id='word_1_295' title='bbox 1188 2726 1298 2764; x_wconf 90' lang='lat' dir='ltr'><strong>quae</strong></span> <span class='ocrx_word' id='word_1_296' title='bbox 1340 2716 1437 2763; x_wconf 85' lang='lat' dir='ltr'><strong>post</strong></span> <span class='ocrx_word' id='word_1_297' title='bbox 1478 2713 1700 2762; x_wconf 89' lang='lat' dir='ltr'><strong>egregiam</strong></span> <span class='ocrx_word' id='word_1_298' title='bbox 1738 2711 1925 2751; x_wconf 86' lang='lat' dir='ltr'><strong>Kaibelii</strong></span> 
     </span>
     <span class='ocr_line' id='line_1_38' title="bbox 222 2779 1924 2833; baseline -0.003 -12"><span class='ocrx_word' id='word_1_299' title='bbox 222 2783 583 2833; x_wconf 83' lang='lat' dir='ltr'><strong>explicationem,</strong></span> <span class='ocrx_word' id='word_1_300' title='bbox 628 2784 762 2823; x_wconf 88' lang='lat' dir='ltr'><strong>alludi</strong></span> <span class='ocrx_word' id='word_1_301' title='bbox 803 2785 856 2823; x_wconf 92' lang='lat' dir='ltr'><strong>ad</strong></span> <span class='ocrx_word' id='word_1_302' title='bbox 898 2784 1105 2823; x_wconf 87' lang='lat' dir='ltr'><strong>fabellam</strong></span> <span class='ocrx_word' id='word_1_303' title='bbox 1149 2784 1200 2822; x_wconf 91' lang='lat' dir='ltr'><strong>de</strong></span> <span class='ocrx_word' id='word_1_304' title='bbox 1234 2783 1426 2830; x_wconf 87' lang='lat' dir='ltr'><strong>Mentha,</strong></span> <span class='ocrx_word' id='word_1_305' title='bbox 1460 2781 1657 2819; x_wconf 88' lang='lat' dir='ltr'><strong>Plutonis</strong></span> <span class='ocrx_word' id='word_1_306' title='bbox 1688 2779 1851 2828; x_wconf 88' lang='lat' dir='ltr'><strong>paelice</strong></span> <span class='ocrx_word' id='word_1_307' title='bbox 1880 2779 1924 2817; x_wconf 89' lang='lat' dir='ltr'><strong>in</strong></span> 
     </span>
     <span class='ocr_line' id='line_1_39' title="bbox 224 2846 1923 2901; baseline -0.004 -12"><span class='ocrx_word' id='word_1_308' title='bbox 224 2849 416 2889; x_wconf 90' lang='lat' dir='ltr'><strong>Hermae</strong></span> <span class='ocrx_word' id='word_1_309' title='bbox 450 2851 531 2890; x_wconf 88' lang='lat' dir='ltr'><strong>vol.</strong></span> <span class='ocrx_word' id='word_1_310' title='bbox 563 2851 690 2890; x_wconf 90' lang='lat' dir='ltr'><strong>XXX</strong></span> <span class='ocrx_word' id='word_1_311' title='bbox 722 2863 760 2901; x_wconf 92' lang='lat' dir='ltr'><strong>p.</strong></span> <span class='ocrx_word' id='word_1_312' title='bbox 790 2853 895 2899; x_wconf 84' lang='lat'><strong>439,</strong></span> <span class='ocrx_word' id='word_1_313' title='bbox 930 2852 1178 2900; x_wconf 89' lang='lat' dir='ltr'><strong>nuperrime</strong></span> <span class='ocrx_word' id='word_1_314' title='bbox 1206 2850 1364 2888; x_wconf 89' lang='lat' dir='ltr'><strong>ibidem</strong></span> <span class='ocrx_word' id='word_1_315' title='bbox 1393 2850 1436 2887; x_wconf 87' lang='lat' dir='ltr'><strong>in</strong></span> <span class='ocrx_word' id='word_1_316' title='bbox 1466 2848 1549 2886; x_wconf 90' lang='lat' dir='ltr'><strong>vol.</strong></span> <span class='ocrx_word' id='word_1_317' title='bbox 1567 2846 1756 2885; x_wconf 92' lang='lat' dir='ltr'>XXXIX</span> <span class='ocrx_word' id='word_1_318' title='bbox 1783 2846 1923 2894; x_wconf 92' lang='lat' dir='ltr'><strong>dispu-</strong></span> 
     </span>
     <span class='ocr_line' id='line_1_40' title="bbox 223 2913 1924 2968; baseline -0.004 -12"><span class='ocrx_word' id='word_1_319' title='bbox 223 2917 335 2956; x_wconf 85' lang='lat' dir='ltr'><strong>tavit</strong></span> <span class='ocrx_word' id='word_1_320' title='bbox 379 2917 445 2957; x_wconf 89' lang='lat' dir='ltr'>W.</span> <span class='ocrx_word' id='word_1_321' title='bbox 479 2918 646 2968; x_wconf 88' lang='lat' dir='ltr'><strong>Radke,</strong></span> <span class='ocrx_word' id='word_1_322' title='bbox 691 2919 856 2959; x_wconf 82' lang='lat' dir='ltr'><strong>addens</strong></span> <span class='ocrx_word' id='word_1_323' title='bbox 896 2919 1029 2957; x_wconf 86' lang='lat' dir='ltr'><strong>simul</strong></span> <span class='ocrx_word' id='word_1_324' title='bbox 1072 2918 1206 2957; x_wconf 90' lang='lat' dir='ltr'><strong>alludi</strong></span> <span class='ocrx_word' id='word_1_325' title='bbox 1249 2917 1301 2956; x_wconf 87' lang='lat' dir='ltr'><strong>ad</strong></span> <span class='ocrx_word' id='word_1_326' title='bbox 1333 2916 1570 2964; x_wconf 86' lang='lat' dir='ltr'><strong>Tyronem‚</strong></span> <span class='ocrx_word' id='word_1_327' title='bbox 1607 2913 1797 2962; x_wconf 87' lang='lat' dir='ltr'><strong>Neptuni</strong></span> <span class='ocrx_word' id='word_1_328' title='bbox 1829 2922 1924 2951; x_wconf 92' lang='lat' dir='ltr'><strong>con—</strong></span> 
     </span>
     <span class='ocr_line' id='line_1_41' title="bbox 226 2977 1850 3036; baseline -0.004 -13"><span class='ocrx_word' id='word_1_329' title='bbox 226 2984 431 3024; x_wconf 91' lang='lat' dir='ltr'><strong>cubinam</strong></span> <span class='ocrx_word' id='word_1_330' title='bbox 465 2996 532 3035; x_wconf 91' lang='lat' dir='ltr'><strong>ap.</strong></span> <span class='ocrx_word' id='word_1_331' title='bbox 568 2986 697 3036; x_wconf 84' lang='lat' dir='ltr'><strong>Hom.</strong></span> <span class='ocrx_word' id='word_1_332' title='bbox 731 2989 751 3024; x_wconf 79' lang='grc' dir='ltr'><strong><em>λ</em></strong></span> <span class='ocrx_word' id='word_1_333' title='bbox 784 2987 868 3026; x_wconf 83' lang='grc'><strong>235</strong></span> <span class='ocrx_word' id='word_1_334' title='bbox 901 2996 989 3034; x_wconf 83' lang='lat' dir='ltr'>sq..</span> <span class='ocrx_word' id='word_1_335' title='bbox 1025 2986 1097 3033; x_wconf 85' lang='lat' dir='ltr'><strong>qui</strong></span> <span class='ocrx_word' id='word_1_336' title='bbox 1131 2985 1223 3032; x_wconf 87' lang='lat' dir='ltr'><strong>ipse</strong></span> <span class='ocrx_word' id='word_1_337' title='bbox 1256 2985 1408 3022; x_wconf 89' lang='lat' dir='ltr'><strong>utatur</strong></span> <span class='ocrx_word' id='word_1_338' title='bbox 1439 2981 1570 3021; x_wconf 89' lang='lat' dir='ltr'><strong>verbo</strong></span> <span class='ocrx_word' id='word_1_339' title='bbox 1602 2977 1850 3030; x_wconf 76' lang='grc' dir='ltr'><strong>παρελέξατο.</strong></span> 
     </span>
    </p>

    <p class='ocr_par' dir='ltr' id='par_1_16' title="bbox 167 3046 1923 3169">
     <span class='ocr_line' id='line_1_42' title="bbox 167 3046 1923 3102; baseline -0.003 -12"><span class='ocrx_word' id='word_1_340' title='bbox 167 3051 235 3091; x_wconf 89' lang='lat' dir='ltr'>Fr.</span> <span class='ocrx_word' id='word_1_341' title='bbox 272 3052 369 3101; x_wconf 86' lang='lat'><strong>142,</strong></span> <span class='ocrx_word' id='word_1_342' title='bbox 414 3053 510 3092; x_wconf 92' lang='lat' dir='ltr'><strong>coll.</strong></span> <span class='ocrx_word' id='word_1_343' title='bbox 551 3055 624 3092; x_wconf 85' lang='lat' dir='ltr'><strong>Ar.</strong></span> <span class='ocrx_word' id='word_1_344' title='bbox 658 3053 787 3102; x_wconf 88' lang='lat' dir='ltr'><strong>Vesp.</strong></span> <span class='ocrx_word' id='word_1_345' title='bbox 824 3054 921 3102; x_wconf 87' lang='lat'><strong>710,</strong></span> <span class='ocrx_word' id='word_1_346' title='bbox 956 3063 1035 3101; x_wconf 87' lang='lat' dir='ltr'><strong>ego</strong></span> <span class='ocrx_word' id='word_1_347' title='bbox 1068 3052 1172 3091; x_wconf 92' lang='lat' dir='ltr'><strong>olim</strong></span> <span class='ocrx_word' id='word_1_348' title='bbox 1206 3062 1231 3089; x_wconf 89' lang='lat' dir='ltr'><strong>a</strong></span> <span class='ocrx_word' id='word_1_349' title='bbox 1262 3049 1415 3089; x_wconf 87' lang='lat' dir='ltr'><strong>Kockii</strong></span> <span class='ocrx_word' id='word_1_350' title='bbox 1447 3049 1557 3087; x_wconf 90' lang='lat' dir='ltr'><strong>coni.</strong></span> <span class='ocrx_word' id='word_1_351' title='bbox 1600 3046 1790 3095; x_wconf 84' lang='lat' dir='ltr'><strong>defendi,</strong></span> <span class='ocrx_word' id='word_1_352' title='bbox 1833 3055 1923 3095; x_wconf 89' lang='lat' dir='ltr'><strong>pro·</strong></span> 
     </span>
     <span class='ocr_line' id='line_1_43' title="bbox 227 3118 969 3169; baseline -0.001 -11"><span class='ocrx_word' id='word_1_353' title='bbox 227 3118 358 3159; x_wconf 82' lang='lat' dir='ltr'><strong>bante</strong></span> <span class='ocrx_word' id='word_1_354' title='bbox 380 3119 465 3169; x_wconf 81' lang='lat' dir='ltr'><strong>BL,</strong></span> <span class='ocrx_word' id='word_1_355' title='bbox 495 3121 568 3169; x_wconf 90' lang='lat' dir='ltr'><strong>qui</strong></span> <span class='ocrx_word' id='word_1_356' title='bbox 602 3120 731 3160; x_wconf 80' lang='lat' dir='ltr'><strong>malit</strong></span> <span class='ocrx_word' id='word_1_357' title='bbox 763 3119 969 3169; x_wconf 79' lang='grc' dir='ltr'><strong><em>πυριάτου.</em></strong></span> 
     </span>
    </p>

    <p class='ocr_par' dir='ltr' id='par_1_17' title="bbox 167 3182 1922 3295">
     <span class='ocr_line' id='line_1_44' title="bbox 167 3182 1922 3241; baseline -0.004 -15"><span class='ocrx_word' id='word_1_358' title='bbox 167 3187 236 3227; x_wconf 90' lang='lat' dir='ltr'>Fr.</span> <span class='ocrx_word' id='word_1_359' title='bbox 272 3187 369 3237; x_wconf 87' lang='lat'><strong>144,</strong></span> <span class='ocrx_word' id='word_1_360' title='bbox 403 3190 443 3226; x_wconf 84' lang='lat'><strong>4.</strong></span> <span class='ocrx_word' id='word_1_361' title='bbox 477 3187 549 3241; x_wconf 81' lang='grc' dir='ltr'><strong>δίῳ</strong></span> <span class='ocrx_word' id='word_1_362' title='bbox 576 3198 668 3233; x_wconf 73' lang='lat' dir='ltr'><strong>vnon</strong></span> <span class='ocrx_word' id='word_1_363' title='bbox 695 3187 879 3227; x_wconf 89' lang='lat' dir='ltr'><strong>Nauckii</strong></span> <span class='ocrx_word' id='word_1_364' title='bbox 911 3188 988 3232; x_wconf 86' lang='lat' dir='ltr'><strong>(sic</strong></span> <span class='ocrx_word' id='word_1_365' title='bbox 1015 3186 1093 3231; x_wconf 89' lang='lat' dir='ltr'>Bl.)</span> <span class='ocrx_word' id='word_1_366' title='bbox 1126 3185 1201 3223; x_wconf 87' lang='lat' dir='ltr'><strong>sed</strong></span> <span class='ocrx_word' id='word_1_367' title='bbox 1235 3183 1434 3223; x_wconf 86' lang='lat' dir='ltr'><strong>Meinekii</strong></span> <span class='ocrx_word' id='word_1_368' title='bbox 1461 3184 1530 3222; x_wconf 90' lang='lat' dir='ltr'><strong>est</strong></span> <span class='ocrx_word' id='word_1_369' title='bbox 1556 3182 1804 3221; x_wconf 87' lang='lat' dir='ltr'><strong>coniectura</strong></span> <span class='ocrx_word' id='word_1_370' title='bbox 1834 3190 1922 3229; x_wconf 90' lang='lat' dir='ltr'><strong>pro-</strong></span> 
     </span>
     <span class='ocr_line' id='line_1_45' title="bbox 230 3253 875 3295; baseline 0.002 -3"><span class='ocrx_word' id='word_1_371' title='bbox 230 3253 332 3293; x_wconf 88' lang='lat' dir='ltr'><strong>bata</strong></span> <span class='ocrx_word' id='word_1_372' title='bbox 362 3254 555 3295; x_wconf 88' lang='lat' dir='ltr'><strong>Nauckio</strong></span> <span class='ocrx_word' id='word_1_373' title='bbox 586 3254 682 3294; x_wconf 80' lang='lat' dir='ltr'><strong>Mel.</strong></span> <span class='ocrx_word' id='word_1_374' title='bbox 715 3254 773 3293; x_wconf 93' lang='lat' dir='ltr'><strong>VI</strong></span> <span class='ocrx_word' id='word_1_375' title='bbox 806 3255 875 3294; x_wconf 86' lang='lat'>63.</span> 
     </span>
    </p>
   </div>
  </div>
 </body>
</html>
