2216 3522
1089 191 1175 232 208

307 321 356 358 ut
396 318 526 367 vulgo
557 316 773 366 scribitur,
807 317 921 356 inter
950 326 998 356 se
1029 316 1290 367 respondere
1321 311 1395 369 εἶχε
1426 317 1470 357 in
1502 327 1632 359 versu
1664 320 1808 370 priore
1838 323 1882 363 et
1913 320 2015 377 ἐστί,

306 386 416 436 quod
449 385 797 425 subaudiendum
830 384 874 423 in
906 384 1159 434 posteriore.
1192 384 1303 434 Ergo
1335 385 1611 435 scripserim:

1032 450 1159 492 αὐτοῦ
1191 448 1228 492 δ’
1263 447 1347 491 ἐσθ’
1382 449 1403 492 ὁ
1439 449 1589 503 <μὲν>

721 519 841 566 ἵππος
871 519 1075 559 ταλάντων
1105 515 1368 559 πεντεκαίδεκ’
1404 517 1535 568 ἄξιος,

719 586 838 634 αὐτὸς
869 584 912 626 δὲ
943 589 1097 639 χαλκῶν
1129 585 1148 626 ἕ
1157 598 1235 626 στι
1267 587 1493 638 τιμιώτερος
1525 594 1644 639 τριῶν

247 658 311 698 Fr.
347 659 446 697 379.
482 657 577 696 Iure
610 655 758 695 Nauck
790 655 817 695 l.
845 655 873 694 l.
906 664 1154 695 sermonem
1188 655 1404 695 Graecum
1435 656 1658 706 postulare
1682 660 1910 700 contendit
1933 658 2008 711 τὴν

307 724 485 773 Καλυψὼ
516 723 734 775 ὖτεριδών,
766 723 912 772 itaque
944 723 1104 763 iniuria
1147 723 1227 762 hos
1260 733 1415 763 versus
1446 734 1470 763 e
1505 723 1701 775 Procopii
1733 725 1869 777 Epist.
1910 727 2008 779 128,

302 794 371 834 ubi
405 799 473 834 est
503 791 574 842 τὴν
610 793 641 829 1(
686 790 882 840 παριδών,
912 801 936 830 a
970 790 1135 830 Kockio
1162 789 1332 830 effictos
1354 801 1474 839 esse;
1508 802 1619 840 quae
1643 802 1714 833 res
1739 793 2005 845 latuitBlay-

300 862 468 901 desium
502 871 541 909 p.
575 859 659 898 268
692 868 791 898 cum
823 858 944 897 omni
976 856 1161 897 Nauckii
1193 857 1399 898 editionis
1430 858 1682 900 Kockianae
1714 870 1914 903 censura.

240 930 304 969 Fr.
339 929 438 974 380,
475 929 513 967 2.
550 924 771 981 κεκτημένῳ
806 926 937 965 malit
969 926 1016 965 B.

242 997 306 1035 Fr.
341 997 439 1035 381.
475 996 523 1034 A.
558 991 730 1035 Palmer
762 994 875 1043 apud
906 993 970 1033 Bl.
1003 993 1178 1043 supplet
1210 1004 1233 1033 e
1265 993 1614 1043 Theophylacto:

653 1063 778 1099 τοῖσιν
809 1058 852 1099 δὲ
882 1063 1051 1111 καρποῖς
1081 1057 1106 1111 ἡ
1138 1060 1271 1112 πάχνη
1302 1060 1535 1110 λυμαίνεται

652 1129 848 1179 τύραννος
880 1126 1147 1179 ἀπαραίτητος
1178 1127 1260 1177 ὥς,
1289 1126 1356 1167 καὶ
1387 1127 1480 1175 τοὺς
1517 1127 1716 1180 <ἕμοὺς>

652 1196 819 1244 ἱδρῶτας
852 1193 872 1234 ὅ
904 1195 1023 1242 τάλας
1054 1198 1134 1242 τοῖς
1167 1193 1328 1246 ἀνέμοις
1360 1195 1578 1246 χαρίζομαι.

296 1268 342 1306 In
376 1266 532 1315 quibus
562 1264 779 1314 sagaciter
809 1264 1073 1313 excogitatis
1105 1274 1204 1303 cum
1243 1264 1307 1303 Bl.
1340 1263 1449 1303 mihi
1480 1264 1681 1315 displicet
1711 1266 2003 1316 postpositum

293 1346 318 1374 a
351 1337 479 1384 poeta
511 1333 677 1372 comico
708 1329 780 1378 ὡς,
811 1341 944 1380 quare
976 1331 1166 1371 fortasse
1198 1333 1417 1381 praestat:
1630 1382 1639 1389 ⁴

531 1401 726 1449 τύραννος
758 1397 1025 1449 ἀπαραίτητος
1056 1392 1206 1447 οὖσα,
1237 1398 1330 1445 τούς
1369 1394 1432 1437 <τ’
1468 1395 1625 1448 ἐμοὺς)
1665 1397 1741 1439 κτὲ.

293 1471 400 1510 Cum
461 1479 522 1508 vs.
571 1470 596 1507 4
654 1478 860 1516 compara
909 1467 1187 1517 proverbium
1240 1465 1415 1517 ἀνέμους
1462 1465 1680 1518 (ἀνέμοιςῖ)
1722 1472 1908 1522 γεωργεῖν
1954 1470 2000 1511 in

293 1539 343 1578 fr.
388 1538 487 1577 840.
1995 1566 1998 1568 .

236 1607 300 1645 Fr.
344 1606 443 1644 382.
492 1603 803 1653 corrigendum
851 1613 948 1642 esse
994 1602 1185 1649 διανεκῶς
1232 1602 1337 1642 olim
1387 1603 1551 1643 monui.
1599 1603 1887 1645 Hellenistica
1931 1607 2003 1646 est

293 1675 433 1713 forma
465 1672 668 1722 διηνεκῶς.

234 1742 299 1781 Fr.
333 1742 432 1781 383.
488 1741 748 1789 Suspectum
798 1739 868 1778 est
915 1735 1206 1788 ἀνεπιδόκηιον
1252 1748 1329 1788 pro
1377 1736 1700 1790 ἀπροσδόκητον,
1749 1739 1862 1788 quod
1906 1739 2002 1780 iure

290 1810 470 1858 requirit
501 1807 564 1847 Bl.
608 1807 718 1846 Nam
763 1804 954 1844 ἐπιδοκᾶν
996 1805 1179 1845 verbum
1221 1805 1434 1845 Graecum
1468 1816 1554 1846 non
1586 1808 1673 1855 est,
1706 1806 1856 1856 itaque
1886 1806 2001 1848 adie-

289 1878 454 1917 etivum
496 1875 595 1915 inde
636 1874 876 1914 formatum
918 1883 1058 1921 neque
1099 1874 1144 1912 in
1186 1874 1409 1913 Simonide
1451 1883 1590 1922 neque
1626 1874 1670 1913 in
1705 1873 1839 1914 attico
1869 1877 2000 1924 poeta

288 1946 389 1985 ferri
430 1946 588 1994 potest.
635 1943 693 1981 At
735 1940 808 1980 οὐκ
844 1939 948 1979 ἔστιν
989 1939 1294 1991 ἀπροσδόκητον
1325 1951 1411 1981 non
1442 1941 1589 1981 ferunt
1618 1941 1813 1991 numeri,
1846 1941 1996 1991 itaque

285 2013 401 2052 aliud
443 2012 571 2060 latet,
614 2010 687 2049 sed
732 2009 848 2048 iusto
896 2008 1156 2048 violentiora
1201 2010 1306 2048 sunt
1352 2019 1462 2057 quae
1504 2010 1649 2048 tentat
1694 2007 1895 2057 Blaydes.
1941 2009 1992 2050 In

279 2081 487 2130 promptu
521 2087 622 2117 vero
653 2079 722 2117 est
753 2076 1027 2115 coniectura:

520 2145 594 2184 οὐκ
625 2140 695 2182 ἔστ’
731 2142 991 2193 ἀδόκητον
1030 2139 1229 2183 abdiu>
1267 2140 1502 2193 ἀνθρώποις
1534 2141 1673 2182 κακόν.

287 2214 438 2254 Nihil
495 2223 597 2252 non
657 2211 790 2251 mali
846 2211 908 2250 ab
955 2210 1286 2250 hominibus
1331 2210 1623 2260 expectari
1670 2212 1878 2261 potest.
1928 2210 1991 2251 De

284 2282 520 2332 posteriore
547 2290 674 2319 versu
704 2278 788 2318 vid.
818 2278 1051 2327 Kockium,
1081 2278 1205 2317 cuius
1231 2278 1531 2318 coniecturam
1558 2277 1788 2330 μεταβάλλει
1814 2277 1879 2318 Bl.
1896 2278 1989 2318 iure

284 2350 470 2399 praefert
496 2348 621 2388 alteri
649 2346 879 2397 μεταρίπτει.
910 2346 1111 2386 Ceterum
1139 2356 1215 2386 cur
1242 2346 1324 2386 viri
1352 2346 1467 2386 docti
1493 2346 1660 2386 comico
1687 2347 1834 2396 potius
1854 2355 1987 2396 quam

282 2418 447 2467 tragico
488 2418 641 2466 poetae
683 2417 760 2454 aut
800 2414 1031 2463 Simonidi,
1072 2415 1140 2454 cui
1173 2414 1439 2464 Theophilus
1471 2414 1687 2464 assignat,
1720 2413 1802 2453 hos
1832 2423 1989 2454 versus

281 2485 473 2524 tribuant
519 2494 589 2523 me
635 2482 808 2531 quidem
856 2482 983 2530 latet,
1029 2484 1074 2521 et
1113 2482 1151 2520 si
1193 2484 1309 2521 recte
1351 2479 1550 2531 ἀδόκητον
1592 2481 1775 2531 conieci,
1820 2481 1988 2531 tragico

279 2554 523 2592 adscribere
565 2562 650 2591 non
686 2550 937 2589 dubitarim.
987 2548 1048 2588 cf.
1083 2549 1212 2599 Soph.
1248 2548 1359 2589 O.C.
1395 2549 1494 2596 245,
1529 2548 1628 2588 Eur.
1661 2548 1819 2588 Bacch.
1857 2548 1985 2598 1889,

282 2621 374 2660 Hel.
414 2620 536 2668 1707,
571 2622 652 2658 etc.
696 2640 734 2645 —
775 2617 823 2656 In
872 2627 1002 2667 prosa
1038 2617 1160 2656 solus
1202 2626 1258 2656 ex
1296 2616 1617 2665 antiquioribus
1657 2615 1819 2656 saltem
1849 2615 1984 2657 Thuc.

282 2689 334 2726 lV
368 2690 422 2727 3ss
456 2686 696 2736 usurpavit.
730 2685 1005 2724 Cornicorum
1041 2684 1240 2723 adhibuit
1274 2694 1417 2724 nemo.

224 2756 284 2793 Fr.
315 2757 414 2802 318,
443 2757 481 2794 2.
512 2754 660 2793 Editur
687 2763 741 2792 ex
769 2751 953 2791 Useneri
981 2751 1232 2791 coniectura
1248 2753 1379 2805 πολλῷ
1402 2749 1564 2801 μέτρον,
1587 2753 1650 2801 at,
1678 2752 1717 2790 si
1734 2749 1984 2791 comoediae

279 2828 392 2861 recte
427 2823 467 2861 hi
504 2831 656 2860 versus
689 2820 958 2868 tribuuntur,
993 2818 1206 2859 articulus
1237 2818 1395 2858 abesse
1422 2828 1507 2858 non
1533 2818 1695 2868 potuit,
1721 2827 1802 2858 nec
1827 2817 1985 2858 melior

278 2891 445 2929 videtur
491 2888 711 2937 Schoellii,
759 2898 891 2937 quam
939 2890 1260 2927 commemorat
1306 2886 1446 2934 Kock,
1494 2885 1758 2925 coniectura.
1802 2885 1983 2926 Accedit

274 2957 516 2995 sententiae
554 2955 749 3002 exilitas;
782 2957 1044 3004 quapropter
1075 2953 1191 2993 aliud
1234 2963 1260 2993 a
1292 2956 1420 3002 poeta
1446 2952 1689 3002 profectum
1717 2962 1816 2993 esse
1841 2953 1981 3003 suspi-

275 3035 359 3070 cor,
392 3024 466 3062 sed
500 3023 588 3072 apti
623 3023 729 3062 nihii
765 3022 872 3062 inihi
905 3021 1134 3061 succurrit.

217 3091 279 3129 Vr.
313 3093 411 3138 386,
451 3093 484 3129 l.
528 3089 568 3128 τὸ
610 3089 732 3140 στόμα
775 3087 1134 3140 παρεστραμμένος.
1175 3088 1390 3128 Numeros
1424 3087 1538 3126 male
1569 3087 1748 3137 corrigit
1779 3086 1843 3127 Bl.
1875 3086 1976 3127 scri·

273 3158 408 3196 bondo
441 3158 481 3195 τὸ
514 3155 615 3206 στόμ’
662 3157 759 3209 ἔχων
785 3155 1063 3207 ἐστραμμένον.
1106 3155 1240 3195 Multo
1279 3154 1438 3195 melius
1470 3154 1608 3204 Kock,
1642 3155 1718 3195 Sed
1751 3156 1849 3195 atra
1878 3154 1976 3195 cali-

270 3226 368 3273 gine
401 3226 610 3273 premitur
640 3225 874 3264 sententia.
912 3245 958 3251 -
999 3223 1070 3263 Vs.
1107 3224 1146 3263 2.
1176 3222 1301 3262 Haud
1335 3221 1681 3271 improbabiliter
1713 3221 1777 3263 Bl.
1810 3220 1976 3273 δυσειδῆ

2197 3249 2198 3252 ⁴
2196 2951 2216 3196 maz-114-..
2207 2904 2216 2934 a.
2214 2881 2216 2887 .
2201 2783 2216 2852 ..Qasr
2206 2738 2216 2766 „w
2210 2679 2216 2695 s,
