2216 3522
0 233 5 249 ⁸
0 0 21 222 “wse'wwm

1073 215 1127 254 25

275 340 505 379 rationem.
551 340 656 379 Mihi
701 350 788 380 non
828 340 1028 389 displicet
1063 341 1244 390 probata
1275 343 1488 383 Meinekio
1518 341 1678 381 Iacobii
1712 339 1975 379 coniectura.

278 407 361 446 Sed
391 407 558 446 incerta
589 407 660 447 hic
690 408 852 448 omnia.

217 475 314 534 FL‘
306 475 460 533 {1723-
474 475 658 514 Frustra
669 473 832 525 ἐζῶμεν,
848 477 925 515 aut
940 474 1125 526 ε’βιοῦμεν
1142 477 1269 525 (quod
1285 477 1611 517 hellenisticum
1627 475 1708 520 est)
1726 474 1802 512 aut
1816 469 1976 522 ἡβῶμεν

276 553 352 591 pro
396 542 633 582 sanissimo
685 542 866 597 ᾠκοῦμεν
912 544 977 584 Bl.
1020 545 1183 593 Aperte
1225 547 1374 585 autem
1417 545 1519 584 οὕτω
1562 541 1830 592 iungendum
1878 549 1978 578 cum

275 609 457 664 ᾠκοῦμεν
497 620 584 649 non
626 620 725 649 cum
766 609 878 660 τέως,
919 612 1032 660 quod
1071 612 1176 651 fecit
1216 613 1333 652 idem
1374 614 1550 652 vertens
1586 610 1756 650 scilicet
1787 610 1840 657 (p.
1876 606 1977 651 292)

276 679 372 718 not
418 688 476 717 so
522 678 652 726 long
690 688 814 729 ago;
856 676 1119 729 τέωςεπρὸ
1160 685 1251 725 τοῦ,
1298 679 1563 727 antehac,
1611 676 1780 716 nudum
1826 675 1976 714 autem

275 744 456 800 ᾠκοῦμεν
495 754 629 784 sensu
672 754 848 784 cassum
889 746 970 784 est.
1005 767 1062 772 —
1095 745 1170 785 Vs.
1205 747 1228 785 7
1277 757 1353 795 pro
1401 745 1493 785 ὅποι
1537 745 1715 795 τύχωμεν
1760 751 1838 791 pro
1885 739 1978 779 ὅποι

272 812 455 864 τύχοιμεν
489 822 801 861 proposueram
845 812 945 852 Obs.
989 813 1082 852 crit.
1116 824 1155 862 p.
1190 813 1264 862 23,
1308 814 1420 862 quod
1461 823 1547 852 non
1584 811 1824 851 admittens
1855 807 1976 847 Kock

272 880 392 920 dedit
423 879 517 919 ὅταν
547 880 742 931 τύχωμεν,
773 880 1020 929 refragante
1053 881 1137 931 BL,
1172 882 1245 930 qui
1273 882 1381 920 citat
1407 881 1541 920 Thuc.
1570 880 1629 919 IV
1661 880 1716 919 26
1743 876 1977 927 ἆπαίροντες

271 945 352 986 ἀπὸ
377 952 446 998 τῆς
473 947 786 997 Πελοποννήσου
818 945 970 986 ὁπόθεν
1002 948 1176 999 τύχοιεν,
1205 959 1289 997 quo
1320 951 1472 988 tamen
1501 949 1597 988 loco
1623 946 1807 986 minime
1834 943 1975 983 defen-

269 1015 387 1054 ditur
411 1016 652 1064 optativus,
678 1025 756 1064 pro
781 1025 885 1064 quo,
914 1014 1126 1064 sequente
1147 1017 1370 1064 praesenti
1387 1014 1699 1065 στρατευόμεθα,
1714 1013 1809 1052 1000
1824 1013 1976 1050 nostro

272 1082 509 1131 requiritur
539 1082 863 1131 coniunctivus‚
902 1083 976 1131 qui
1001 1085 1152 1122 tamen
1186 1083 1228 1122 in
1256 1083 1498 1131 comoedia,
1532 1082 1635 1122 licet
1665 1081 1755 1120 sint
1789 1079 1862 1128 qui
1892 1078 1975 1116 dis-

273 1149 488 1199 sentiant,
529 1149 745 1199 particula
781 1146 840 1201 ἄν
886 1159 1034 1189 carere
1074 1159 1203 1198 posse
1244 1160 1332 1189 non
1374 1150 1514 1189 credo.
1548 1149 1798 1198 Legendum
1843 1146 1977 1195 igitur

274 1214 395 1254 ὅποι
421 1212 461 1253 ’ν
492 1218 563 1262 (=
582 1215 673 1255 ὅποι
703 1215 769 1262 ἅν)
800 1216 1050 1268 τύχωμεν.

214 1283 283 1322 Fr.
319 1283 416 1332 118,
454 1284 492 1322 1.
524 1283 639 1332 Lege
669 1282 746 1335 κῆν
776 1294 853 1333 pro
894 1282 970 1322 κᾶν
1010 1295 1112 1324 cum
1144 1285 1209 1324 Bl.
1241 1308 1292 1313 -
1323 1285 1396 1324 Vs.
1431 1286 1470 1324 3.
1506 1285 1718 1334 Suspecta
1750 1282 1860 1321 mihi
1893 1282 1977 1320 tra·

274 1350 367 1389 dita
395 1350 525 1389 lectio
567 1346 642 1389 οὐκ
684 1350 790 1389 ἔστι
831 1350 1106 1401 χειρόνιπτρον
1137 1354 1313 1401 propter
1349 1353 1566 1391 omissum
1612 1350 1730 1404 αὐτῷ.
1773 1349 1977 1388 Fortasse

274 1416 385 1468 ἔσχε
428 1419 530 1463 (non
575 1418 724 1457 solet
775 1419 1050 1467 accipere)
1098 1419 1404 1467 corrigendum
1447 1422 1527 1459 est.
1571 1418 1633 1458 Cf.
1665 1428 1731 1456 vs
1768 1418 1788 1456 1
1829 1415 1976 1465 εἴληφε.

272 1486 399 1525 Haud
425 1496 524 1525 raro
556 1496 606 1525 eo
637 1496 771 1525 sensu
803 1486 916 1535 apud
942 1486 1133 1525 comicos
1159 1487 1333 1525 variant
1359 1487 1600 1535 perfectum
1633 1487 1676 1524 et
1702 1485 1907 1524 aoristus.
1923 1503 1975 1510 -—

274 1553 490 1592 Kockium
530 1563 607 1602 pro
655 1553 849 1592 Gramm.
890 1563 974 1592 ms.
1022 1553 1157 1592 Paris.
1201 1564 1269 1602 ap.
1312 1554 1538 1593 Osannum
1595 1555 1676 1592 etc.
1726 1553 1861 1592 citare
1908 1551 1975 1589 de-

273 1620 421 1659 buisse
451 1620 614 1659 Anecd.
645 1620 827 1659 Bachm.
859 1620 879 1658 I
910 1631 950 1669 p.
983 1621 1084 1669 414,
1122 1621 1175 1659 10
1207 1621 1380 1660 monuit
1409 1621 1572 1660 Nauck.

215 1687 284 1727 Fr.
322 1688 419 1726 119.
451 1683 564 1737 ἡμεῖς
595 1698 672 1736 pro
703 1685 836 1738 χήμεῖς
867 1687 1420 1736 inconsiderate‘Blaydes.

215 1755 285 1794 Fr.
322 1755 420 1794 122.
468 1754 589 1794 Idem
636 1756 781 1794 tentat
826 1749 942 1801 οὗτος
988 1753 1285 1806 μεγαλὲμπορός
1340 1770 1397 1801 τις
1443 1750 1545 1793 εἶναι
1589 1754 1773 1806 βούλεται
1809 1752 1816 1805 Ι
1854 1751 1977 1803 πένης

273 1820 427 1868 ἀλαζὼν
458 1821 760 1870 ψευδόπλουτος
799 1819 895 1862 <ὢν
925 1820 1028 1873 ἀνήρ
1040 1835 1083 1862 >.

214 1890 291 1935 Fr„
319 1889 415 1928 128.
450 1888 472 1927 ὅ
501 1904 536 1927 τι
568 1888 696 1936 ἔστίς
727 1890 990 1941 πυριατήριον
1021 1890 1106 1939 Bl.,
1141 1890 1330 1930 fortasse
1361 1892 1493 1930 recte.

214 1957 283 1997 Fr·
320 1957 414 1996 129.
447 1956 508 1996 Cf.
541 1958 658 1997 idem
689 1969 731 2007 p.
766 1960 837 1997 41.

214 2025 283 2064 Fr.
319 2025 416 2063 130.
450 2024 511 2064 Cf.
546 2025 809 2075 δειπνητικός.

214 2091 282 2131 Fr.
318 2092 415 2131 137.
450 2091 567 2130 Διάδι
600 2103 655 2132 ex
688 2092 841 2142 Δήμοις
872 2095 949 2132 aut
980 2103 1003 2132 e
1039 2092 1269 2143 Ταξιάρχοις
1301 2095 1554 2141 corruptum
1586 2094 1712 2140 putat
1735 2091 1798 2130 Bl.
1817 2091 1977 2130 Eodem

271 2160 364 2199 iure
395 2171 550 2199 omnes
582 2161 802 2210 Eupolidis
832 2162 1004 2200 fabulas
1040 2163 1244 2210 corrupto
1275 2161 1444 2200 nomini
1476 2161 1657 2200 subesse
1689 2158 1947 2199 conieceris!

215 2226 284 2266 Fr.
320 2227 417 2265 138.
450 2227 515 2264 καὶ
547 2228 759 2278 γίνεταί
791 2241 912 2281 <γε>
949 2229 1014 2268 Bi.

214 2294 283 2333 Fr.
319 2295 415 2342 139,
449 2295 489 2333 2.
536 2295 604 2333 τὸν
652 2293 694 2333 δὲ
740 2295 977 2345 Γνήσιππον
1025 2291 1209 2341 ἔσθ’(ῗῖ)
1256 2296 1340 2345 Β1.,
1390 2305 1478 2334 non
1526 2304 1686 2333 curans
1728 2293 1911 2332 allatum
1953 2301 1979 2330 a

273 2360 437 2400 Kockio
470 2363 625 2402 Aesch.
659 2363 778 2402 Pers.
811 2363 912 2402 419.
949 2385 1002 2391 —
1035 2362 1110 2402 Vs.
1144 2363 1169 2401 3
1203 2363 1371 2411 corrige
1402 2357 1498 2413 ηὗρε
1530 2371 1606 2410 pro
1638 2355 1736 2410 εὗρε.

217 2428 285 2467 Fr.
322 2430 404 2467 146
421 2428 461 2468 b.
494 2430 557 2468 Β1.
591 2431 664 2469 cft.
698 2430 828 2479 Soph.
861 2430 913 2470 fr.
948 2431 1033 2469 770
1066 2434 1110 2469 et
1136 2432 1249 2478 (post
1276 2433 1361 2474 me)
1389 2429 1515 2468 Ennii
1543 2429 1594 2468 fr.
1621 2439 1659 2477 p.
1678 2429 1734 2467 35
1753 2428 1801 2466 R.
1833 2426 1977 2476 „Quod

273 2498 343 2534 est
382 2499 484 2535 ante
525 2498 656 2546 pedes
697 2507 828 2537 nemo
860 2498 1049 2547 spectat,
1094 2497 1201 2537 coeli
1235 2498 1492 2536 scrutantur
1522 2496 1718 2545 plagas.”
1750 2496 1980 2534 Praeterea

276 2562 328 2602 fr.
361 2564 446 2603 352
481 2568 524 2603 et
556 2564 664 2604 Nub.
704 2565 804 2604 333.

217 2629 285 2668 Fr.
322 2630 418 2669 147.
452 2631 491 2669 2.
539 2631 694 2670 Procul
742 2632 871 2671 dubio
917 2632 1151 2681 legendum
1182 2627 1383 2681 πλεύμον’.
1431 2631 1591 2670 Forma
1634 2630 1823 2679 πνεύμων
1868 2629 1979 2668 falsa

275 2696 429 2736 nititur
461 2698 677 2747 analogia.

217 2764 284 2803 Fr.
307 2766 402 2804 149.
424 2766 589 2805 δείπνου
607 2769 652 2806 et
668 2766 802 2813 οἴνου,
818 2766 915 2806 0011.
939 2767 1086 2816 Eriph.
1106 2767 1167 2805 111
1185 2767 1268 2806 557
1290 2766 1357 2814 M.,
1377 2766 1541 2814 optime
1558 2765 1747 2813 Blaydes
1765 2766 1807 2804 et
1825 2764 1977 2804 Headl.

218 2832 285 2872 Fr.
320 2833 416 2872 150.
448 2832 589 2872 ἑκατόν
627 2836 675 2873 ut
709 2834 877 2882 reliqua
901 2834 1043 2883 pretia
1071 2834 1241 2873 comica
1264 2836 1332 2872 est
1364 2832 1658 2881 exaggeratio.
1687 2832 1751 2871 ΒΙ.
1785 2832 1978 2882 δραχμαῖν

274 2900 409 2947 δυοῖν,
448 2901 525 2940 sed
566 2901 717 2950 quidni
754 2901 941 2951 δραχμῶν
983 2903 1133 2951 τριῶνῗ
1175 2902 1232 2940 At
1273 2900 1399 2939 salva
1431 2910 1501 2938 res
1533 2901 1614 2938 est.
1648 2898 1721 2938 Vs.
1760 2900 1779 2938 1
1815 2899 1978 2938 ironice

274 2967 378 3007 dicit
418 2968 575 3016 aliquis
617 2978 664 3008 se
707 2971 886 3008 centum
927 2971 1103 3008 tantum
1141 2969 1363 3007 drachmis
1395 2967 1532 3015 (quasi
1574 2967 1654 3006 hoc
1695 2967 1756 3005 sit
1795 2977 1977 3015 parvum

274 3035 497 3084 pretium),
564 3032 708 3085 pisces
772 3037 952 3085 emisse,
1022 3047 1085 3075 vs.
1147 3037 1171 3074 2
1229 3035 1422 3083 exempli
1483 3043 1616 3073 causa
1668 3034 1831 3073 addens
1882 3036 1978 3073 octo

275 3102 496 3141 drachmis
528 3104 779 3143 constitisse
825 3104 909 3142 sibi
956 3103 1048 3150 τοὺς
1089 3103 1309 3154 λάβρακας,
1349 3101 1577 3141 duodecim
1619 3100 1710 3148 τοὺς
1741 3101 1979 3152 χρυσόφρυς.

271 3169 480 3208 Admissa
511 3170 574 3210 Bl.
608 3170 878 3218 coniectura,
913 3169 1061 3209 nullus
1094 3170 1226 3208 inerit
1258 3169 1351 3208 loco
1383 3178 1555 3207 sensus.

212 3235 280 3274 Fr.
317 3236 413 3275 155.
450 3236 673 3285 „Priorem
707 3246 883 3276 versum
909 3238 1078 3276 scribae
1107 3237 1195 3285 (qui
1224 3236 1383 3275 Calliae
1408 3234 1728 3284 supellectilem
1751 3238 1975 3285 recenset),
