<?xml version="1.0" encoding="UTF-8"?>
<!DOCTYPE html PUBLIC "-//W3C//DTD XHTML 1.0 Transitional//EN"
    "http://www.w3.org/TR/xhtml1/DTD/xhtml1-transitional.dtd">
<html xmlns="http://www.w3.org/1999/xhtml" xml:lang="en" lang="en">
 <head>
  <title>
</title>
<meta http-equiv="Content-Type" content="text/html;charset=utf-8" />
  <meta name='ocr-system' content='tesseract 3.04.00' />
  <meta name='ocr-capabilities' content='ocr_page ocr_carea ocr_par ocr_line ocrx_word'/>
</head>
<body>
  <div class='ocr_page' id='page_1' title='image "./collectaneacriti00herwuoft_0231.png"; bbox 0 0 2216 3522; ppageno 0'>
   <div class='ocr_carea' id='block_1_1' title="bbox 71 2954 107 2994">
    <p class='ocr_par' dir='ltr' id='par_1_1' title="bbox 71 2954 107 2994">
     <span class='ocr_line' id='line_1_1' title="bbox 71 2954 107 2994; baseline 0 0"><span class='ocrx_word' id='word_1_1' title='bbox 71 2954 107 2994; x_wconf 75' lang='lat'>&lt;9</span> 
     </span>
    </p>
   </div>
   <div class='ocr_carea' id='block_1_2' title="bbox 1070 191 1152 231">
    <p class='ocr_par' dir='ltr' id='par_1_2' title="bbox 1070 191 1152 231">
     <span class='ocr_line' id='line_1_2' title="bbox 1070 191 1152 231; baseline 0.024 -2"><span class='ocrx_word' id='word_1_2' title='bbox 1070 191 1152 231; x_wconf 79' lang='lat'>217</span> 
     </span>
    </p>
   </div>
   <div class='ocr_carea' id='block_1_3' title="bbox 219 309 1986 1240">
    <p class='ocr_par' dir='ltr' id='par_1_3' title="bbox 280 309 1986 563">
     <span class='ocr_line' id='line_1_3' title="bbox 280 309 1985 368; baseline 0.006 -20"><span class='ocrx_word' id='word_1_3' title='bbox 280 309 514 361; x_wconf 68' lang='grc' dir='ltr'><em>λεύκιππος,</em></span> <span class='ocrx_word' id='word_1_4' title='bbox 555 310 800 364; x_wconf 69' lang='grc' dir='ltr'><em>ἀπηλιώτης,</em></span> <span class='ocrx_word' id='word_1_5' title='bbox 838 313 1042 365; x_wconf 71' lang='grc' dir='ltr'><em>ἀντήλιος,</em></span> <span class='ocrx_word' id='word_1_6' title='bbox 1075 316 1216 356; x_wconf 90' lang='lat' dir='ltr'>multa</span> <span class='ocrx_word' id='word_1_7' title='bbox 1249 317 1379 356; x_wconf 88' lang='lat' dir='ltr'>alia.&#39;’</span> <span class='ocrx_word' id='word_1_8' title='bbox 1424 317 1539 366; x_wconf 80' lang='lat' dir='ltr'>Quae</span> <span class='ocrx_word' id='word_1_9' title='bbox 1576 320 1744 368; x_wconf 86' lang='lat' dir='ltr'>tamen,</span> <span class='ocrx_word' id='word_1_10' title='bbox 1784 320 1985 367; x_wconf 88' lang='lat' dir='ltr'>quamvis</span> 
     </span>
     <span class='ocr_line' id='line_1_4' title="bbox 281 377 1986 434; baseline 0.005 -18"><span class='ocrx_word' id='word_1_11' title='bbox 281 377 324 416; x_wconf 93' lang='lat' dir='ltr'>in</span> <span class='ocrx_word' id='word_1_12' title='bbox 351 377 545 418; x_wconf 83' lang='lat' dir='ltr'>Atticam</span> <span class='ocrx_word' id='word_1_13' title='bbox 572 383 763 431; x_wconf 86' lang='lat' dir='ltr'>recepta,</span> <span class='ocrx_word' id='word_1_14' title='bbox 791 382 979 422; x_wconf 86' lang='lat' dir='ltr'>ionicam</span> <span class='ocrx_word' id='word_1_15' title='bbox 1008 383 1196 431; x_wconf 89' lang='lat' dir='ltr'>produnt</span> <span class='ocrx_word' id='word_1_16' title='bbox 1222 384 1448 432; x_wconf 84' lang='lat' dir='ltr'>originem.</span> <span class='ocrx_word' id='word_1_17' title='bbox 1479 385 1522 423; x_wconf 83' lang='lat' dir='ltr'>Si</span> <span class='ocrx_word' id='word_1_18' title='bbox 1546 387 1693 424; x_wconf 90' lang='lat' dir='ltr'>autem</span> <span class='ocrx_word' id='word_1_19' title='bbox 1716 386 1822 424; x_wconf 88' lang='lat' dir='ltr'>haec</span> <span class='ocrx_word' id='word_1_20' title='bbox 1838 386 1986 434; x_wconf 79' lang='lat' dir='ltr'>glossa</span> 
     </span>
     <span class='ocr_line' id='line_1_5' title="bbox 282 446 1984 503; baseline 0.004 -19"><span class='ocrx_word' id='word_1_21' title='bbox 282 446 352 484; x_wconf 86' lang='lat' dir='ltr'>est</span> <span class='ocrx_word' id='word_1_22' title='bbox 397 447 582 497; x_wconf 87' lang='lat' dir='ltr'>comica,</span> <span class='ocrx_word' id='word_1_23' title='bbox 629 459 718 488; x_wconf 87' lang='lat' dir='ltr'>non</span> <span class='ocrx_word' id='word_1_24' title='bbox 760 449 997 489; x_wconf 81' lang='lat' dir='ltr'>dubitarim</span> <span class='ocrx_word' id='word_1_25' title='bbox 1040 451 1222 500; x_wconf 88' lang='lat' dir='ltr'>probare</span> <span class='ocrx_word' id='word_1_26' title='bbox 1264 451 1543 501; x_wconf 81' lang='grc' dir='ltr'><em>λευχηπατίας,</em></span> <span class='ocrx_word' id='word_1_27' title='bbox 1584 452 1679 491; x_wconf 88' lang='lat' dir='ltr'>coll.</span> <span class='ocrx_word' id='word_1_28' title='bbox 1722 455 1984 503; x_wconf 75' lang='grc' dir='ltr'><em>λευχειμονεῖν</em></span> 
     </span>
     <span class='ocr_line' id='line_1_6' title="bbox 281 512 600 563; baseline 0.016 -13"><span class='ocrx_word' id='word_1_29' title='bbox 281 512 600 563; x_wconf 82' lang='lat' dir='ltr'>similibusque.</span> 
     </span>
    </p>

    <p class='ocr_par' dir='ltr' id='par_1_4' title="bbox 222 578 1317 634">
     <span class='ocr_line' id='line_1_7' title="bbox 222 578 1317 634; baseline 0.005 -16"><span class='ocrx_word' id='word_1_30' title='bbox 222 578 290 619; x_wconf 88' lang='lat' dir='ltr'>Fr.</span> <span class='ocrx_word' id='word_1_31' title='bbox 327 580 452 620; x_wconf 98' lang='lat'>1076.</span> <span class='ocrx_word' id='word_1_32' title='bbox 486 581 656 632; x_wconf 86' lang='lat' dir='ltr'>Duplex</span> <span class='ocrx_word' id='word_1_33' title='bbox 687 584 836 632; x_wconf 83' lang='lat' dir='ltr'>glossa</span> <span class='ocrx_word' id='word_1_34' title='bbox 870 584 1054 625; x_wconf 88' lang='lat' dir='ltr'>videtur.</span> <span class='ocrx_word' id='word_1_35' title='bbox 1090 585 1317 634; x_wconf 81' lang='lat' dir='ltr'>Suspicor:</span> 
     </span>
    </p>

    <p class='ocr_par' dir='ltr' id='par_1_5' title="bbox 635 651 1685 773">
     <span class='ocr_line' id='line_1_8' title="bbox 635 651 1685 703; baseline 0.002 -14"><span class='ocrx_word' id='word_1_36' title='bbox 635 651 883 703; x_wconf 82' lang='grc' dir='ltr'><em>μεγαρίζο</em></span> <span class='ocrx_word' id='word_1_37' title='bbox 897 663 1024 699; x_wconf 84' lang='grc' dir='ltr'><em>ντες·</em></span> <span class='ocrx_word' id='word_1_38' title='bbox 1055 651 1318 703; x_wconf 82' lang='grc' dir='ltr'><em>λιμώσσοντες</em></span> <span class='ocrx_word' id='word_1_39' title='bbox 1351 653 1418 699; x_wconf 84' lang='lat' dir='ltr'>(cf.</span> <span class='ocrx_word' id='word_1_40' title='bbox 1454 654 1527 693; x_wconf 85' lang='lat' dir='ltr'>Ar.</span> <span class='ocrx_word' id='word_1_41' title='bbox 1562 653 1685 698; x_wconf 86' lang='lat' dir='ltr'>Ach.)</span> 
     </span>
     <span class='ocr_line' id='line_1_9' title="bbox 639 719 1510 773; baseline -0.001 -13"><span class='ocrx_word' id='word_1_42' title='bbox 639 719 1109 769; x_wconf 83' lang='grc' dir='ltr'><em>&lt;μεγαλίζοντες&gt;·</em></span> <span class='ocrx_word' id='word_1_43' title='bbox 1142 720 1291 773; x_wconf 78' lang='grc' dir='ltr'><em>μεγάλα</em></span> <span class='ocrx_word' id='word_1_44' title='bbox 1323 719 1510 772; x_wconf 78' lang='grc' dir='ltr'><em>λέγοντες.</em></span> 
     </span>
    </p>

    <p class='ocr_par' dir='ltr' id='par_1_6' title="bbox 221 781 1302 839">
     <span class='ocr_line' id='line_1_10' title="bbox 221 781 1302 839; baseline 0.006 -19"><span class='ocrx_word' id='word_1_45' title='bbox 221 781 288 821; x_wconf 86' lang='lat' dir='ltr'>Fr.</span> <span class='ocrx_word' id='word_1_46' title='bbox 326 784 452 823; x_wconf 87' lang='lat'>1083.</span> <span class='ocrx_word' id='word_1_47' title='bbox 486 785 549 825; x_wconf 91' lang='lat' dir='ltr'>Bl.</span> <span class='ocrx_word' id='word_1_48' title='bbox 585 785 657 826; x_wconf 78' lang='lat' dir='ltr'>cst.</span> <span class='ocrx_word' id='word_1_49' title='bbox 691 785 927 838; x_wconf 76' lang='grc' dir='ltr'><em>νωδογέρων</em></span> <span class='ocrx_word' id='word_1_50' title='bbox 959 789 1004 826; x_wconf 73' lang='lat' dir='ltr'>et</span> <span class='ocrx_word' id='word_1_51' title='bbox 1036 786 1302 839; x_wconf 85' lang='grc' dir='ltr'><em>τυμβογέρων.</em></span> 
     </span>
    </p>

    <p class='ocr_par' dir='ltr' id='par_1_7' title="bbox 220 848 1490 906">
     <span class='ocr_line' id='line_1_11' title="bbox 220 848 1490 906; baseline 0.006 -19"><span class='ocrx_word' id='word_1_52' title='bbox 220 848 288 888; x_wconf 90' lang='lat' dir='ltr'>Fr.</span> <span class='ocrx_word' id='word_1_53' title='bbox 325 851 451 891; x_wconf 88' lang='grc'><strong>1091.</strong></span> <span class='ocrx_word' id='word_1_54' title='bbox 485 851 678 892; x_wconf 86' lang='lat' dir='ltr'>Obscura</span> <span class='ocrx_word' id='word_1_55' title='bbox 709 854 819 893; x_wconf 90' lang='lat' dir='ltr'>mihi</span> <span class='ocrx_word' id='word_1_56' title='bbox 851 856 919 894; x_wconf 91' lang='lat' dir='ltr'>est</span> <span class='ocrx_word' id='word_1_57' title='bbox 950 855 1061 894; x_wconf 89' lang='lat' dir='ltr'>ratio</span> <span class='ocrx_word' id='word_1_58' title='bbox 1096 856 1216 895; x_wconf 89' lang='lat' dir='ltr'>vocis</span> <span class='ocrx_word' id='word_1_59' title='bbox 1248 856 1490 906; x_wconf 80' lang='grc' dir='ltr'><strong>ξυλοκύμβη.</strong></span> 
     </span>
    </p>

    <p class='ocr_par' dir='ltr' id='par_1_8' title="bbox 220 916 1427 974">
     <span class='ocr_line' id='line_1_12' title="bbox 220 916 1427 974; baseline 0.005 -19"><span class='ocrx_word' id='word_1_60' title='bbox 220 916 287 956; x_wconf 85' lang='lat' dir='ltr'>Fr.</span> <span class='ocrx_word' id='word_1_61' title='bbox 325 918 450 958; x_wconf 83' lang='lat'>1095.</span> <span class='ocrx_word' id='word_1_62' title='bbox 483 919 546 958; x_wconf 93' lang='lat' dir='ltr'>Bl.</span> <span class='ocrx_word' id='word_1_63' title='bbox 580 920 652 960; x_wconf 82' lang='lat' dir='ltr'>oft.</span> <span class='ocrx_word' id='word_1_64' title='bbox 686 927 978 971; x_wconf 80' lang='grc' dir='ltr'><em>περιπρωκτιᾶν</em></span> <span class='ocrx_word' id='word_1_65' title='bbox 1012 926 1057 961; x_wconf 80' lang='lat' dir='ltr'>et</span> <span class='ocrx_word' id='word_1_66' title='bbox 1088 925 1427 974; x_wconf 83' lang='grc' dir='ltr'><strong><em>σαυλοπρωκτιᾶν.</em></strong></span> 
     </span>
    </p>

    <p class='ocr_par' dir='ltr' id='par_1_9' title="bbox 219 983 1982 1240">
     <span class='ocr_line' id='line_1_13' title="bbox 219 983 1982 1041; baseline 0.003 -18"><span class='ocrx_word' id='word_1_67' title='bbox 219 983 288 1024; x_wconf 90' lang='lat' dir='ltr'>Fr.</span> <span class='ocrx_word' id='word_1_68' title='bbox 326 986 452 1026; x_wconf 90' lang='lat'>1102.</span> <span class='ocrx_word' id='word_1_69' title='bbox 487 987 612 1035; x_wconf 88' lang='lat' dir='ltr'>Apud</span> <span class='ocrx_word' id='word_1_70' title='bbox 643 987 846 1027; x_wconf 86' lang='lat' dir='ltr'>Photium</span> <span class='ocrx_word' id='word_1_71' title='bbox 882 989 1087 1037; x_wconf 86' lang='lat' dir='ltr'>legerim:</span> <span class='ocrx_word' id='word_1_72' title='bbox 1129 989 1472 1041; x_wconf 83' lang='grc' dir='ltr'><strong><em>παράδεισος·</em></strong></span> <span class='ocrx_word' id='word_1_73' title='bbox 1506 988 1526 1029; x_wconf 87' lang='grc' dir='ltr'>ὀ</span> <span class='ocrx_word' id='word_1_74' title='bbox 1559 988 1804 1041; x_wconf 78' lang='grc' dir='ltr'><em>ἀναίσθητος</em></span> <span class='ocrx_word' id='word_1_75' title='bbox 1836 990 1982 1039; x_wconf 90' lang='lat' dir='ltr'>(vulgo</span> 
     </span>
     <span class='ocr_line' id='line_1_14' title="bbox 277 1050 1982 1107; baseline 0.004 -17"><span class='ocrx_word' id='word_1_76' title='bbox 277 1050 320 1090; x_wconf 85' lang='grc' dir='ltr'>τὸ</span> <span class='ocrx_word' id='word_1_77' title='bbox 347 1050 539 1100; x_wconf 78' lang='grc' dir='ltr'><em>ἐνεστώς).</em></span> <span class='ocrx_word' id='word_1_78' title='bbox 577 1054 759 1104; x_wconf 85' lang='grc' dir='ltr'><em>σημαίνει</em></span> <span class='ocrx_word' id='word_1_79' title='bbox 788 1052 830 1093; x_wconf 80' lang='grc' dir='ltr'>δὲ</span> <span class='ocrx_word' id='word_1_80' title='bbox 862 1054 929 1094; x_wconf 87' lang='grc' dir='ltr'><em>τὸν</em></span> <span class='ocrx_word' id='word_1_81' title='bbox 955 1050 1042 1095; x_wconf 84' lang='grc' dir='ltr'><em>οἷον</em></span> <span class='ocrx_word' id='word_1_82' title='bbox 1070 1060 1159 1105; x_wconf 89' lang='lat' dir='ltr'>(pro</span> <span class='ocrx_word' id='word_1_83' title='bbox 1195 1051 1282 1096; x_wconf 85' lang='grc' dir='ltr'><em>οἷον</em></span> <span class='ocrx_word' id='word_1_84' title='bbox 1309 1055 1365 1103; x_wconf 89' lang='grc' dir='ltr'>τὸ)</span> <span class='ocrx_word' id='word_1_85' title='bbox 1393 1055 1743 1107; x_wconf 83' lang='grc' dir='ltr'><em>έμπεριπατεῖσθαι</em></span> <span class='ocrx_word' id='word_1_86' title='bbox 1770 1055 1982 1107; x_wconf 85' lang='grc' dir='ltr'><em>ἀνειμένως</em></span> 
     </span>
     <span class='ocr_line' id='line_1_15' title="bbox 279 1119 1981 1174; baseline 0.004 -16"><span class='ocrx_word' id='word_1_87' title='bbox 279 1121 369 1168; x_wconf 92' lang='lat' dir='ltr'>(pro</span> <span class='ocrx_word' id='word_1_88' title='bbox 401 1119 638 1171; x_wconf 84' lang='grc' dir='ltr'><em>τεθειμένως</em></span> <span class='ocrx_word' id='word_1_89' title='bbox 671 1122 750 1166; x_wconf 89' lang='lat' dir='ltr'>Bl.)</span> <span class='ocrx_word' id='word_1_90' title='bbox 793 1121 859 1160; x_wconf 83' lang='grc' dir='ltr'>διὰ</span> <span class='ocrx_word' id='word_1_91' title='bbox 891 1121 963 1172; x_wconf 82' lang='grc' dir='ltr'><em>τὴν</em></span> <span class='ocrx_word' id='word_1_92' title='bbox 995 1121 1288 1174; x_wconf 82' lang='grc' dir='ltr'><em>ἀναισθησίαν,</em></span> <span class='ocrx_word' id='word_1_93' title='bbox 1319 1125 1345 1164; x_wconf 92' lang='lat' dir='ltr'>i.</span> <span class='ocrx_word' id='word_1_94' title='bbox 1374 1135 1409 1164; x_wconf 90' lang='lat' dir='ltr'>e.</span> <span class='ocrx_word' id='word_1_95' title='bbox 1452 1125 1755 1173; x_wconf 88' lang='lat' dir='ltr'>significat</span> <span class='ocrx_word' id='word_1_96' title='bbox 1795 1126 1981 1164; x_wconf 88' lang='lat' dir='ltr'>autern</span> 
     </span>
     <span class='ocr_line' id='line_1_16' title="bbox 278 1186 1980 1240; baseline 0.004 -15"><span class='ocrx_word' id='word_1_97' title='bbox 278 1186 559 1228; x_wconf 91' lang='lat' dir='ltr'>eiusmodi</span> <span class='ocrx_word' id='word_1_98' title='bbox 609 1189 908 1240; x_wconf 90' lang='lat' dir='ltr'>hominem,</span> <span class='ocrx_word' id='word_1_99' title='bbox 957 1191 1043 1230; x_wconf 93' lang='lat' dir='ltr'>cui</span> <span class='ocrx_word' id='word_1_100' title='bbox 1097 1191 1277 1231; x_wconf 90' lang='lat' dir='ltr'>libere</span> <span class='ocrx_word' id='word_1_101' title='bbox 1319 1191 1614 1231; x_wconf 88' lang='lat' dir='ltr'>inculcare</span> <span class='ocrx_word' id='word_1_102' title='bbox 1660 1192 1796 1237; x_wconf 90' lang='lat' dir='ltr'>(velut</span> <span class='ocrx_word' id='word_1_103' title='bbox 1840 1192 1980 1233; x_wconf 89' lang='lat' dir='ltr'>horto)</span> 
     </span>
    </p>
   </div>
   <div class='ocr_carea' id='block_1_4' title="bbox 89 1255 1712 1369">
    <p class='ocr_par' dir='ltr' id='par_1_10' title="bbox 89 1255 1712 1369">
     <span class='ocr_line' id='line_1_17' title="bbox 89 1255 1712 1369; baseline 0.004 -77"><span class='ocrx_word' id='word_1_104' title='bbox 89 1255 465 1369; x_wconf 51' lang='lat' dir='ltr'>Apossis</span> <span class='ocrx_word' id='word_1_105' title='bbox 496 1258 728 1306; x_wconf 90' lang='lat' dir='ltr'>propter</span> <span class='ocrx_word' id='word_1_106' title='bbox 760 1257 1114 1297; x_wconf 85' lang='lat' dir='ltr'>stolidatem.</span> <span class='ocrx_word' id='word_1_107' title='bbox 1147 1258 1288 1297; x_wconf 85' lang='lat' dir='ltr'>Aliter</span> <span class='ocrx_word' id='word_1_108' title='bbox 1320 1258 1508 1306; x_wconf 89' lang='lat' dir='ltr'>Blaydes</span> <span class='ocrx_word' id='word_1_109' title='bbox 1539 1269 1578 1307; x_wconf 90' lang='lat' dir='ltr'>p.</span> <span class='ocrx_word' id='word_1_110' title='bbox 1613 1259 1712 1298; x_wconf 88' lang='lat'>274.</span> 
     </span>
     <span class='ocr_line' id='line_1_18' title="bbox 252 1331 273 1359; baseline 0 0"><span class='ocrx_word' id='word_1_111' title='bbox 252 1331 273 1359; x_wconf 94' lang='lat' dir='ltr'>r</span> 
     </span>
    </p>
   </div>
   <div class='ocr_carea' id='block_1_5' title="bbox 215 1323 1979 2051">
    <p class='ocr_par' dir='ltr' id='par_1_11' title="bbox 277 1323 1207 1374">
     <span class='ocr_line' id='line_1_19' title="bbox 277 1323 1207 1374; baseline 0.005 -14"><span class='ocrx_word' id='word_1_112' title='bbox 277 1351 286 1360; x_wconf 98' lang='lat'>.</span> <span class='ocrx_word' id='word_1_113' title='bbox 323 1323 449 1362; x_wconf 90' lang='lat'>1110.</span> <span class='ocrx_word' id='word_1_114' title='bbox 483 1323 576 1364; x_wconf 91' lang='lat' dir='ltr'>Vid.</span> <span class='ocrx_word' id='word_1_115' title='bbox 611 1324 780 1374; x_wconf 86' lang='lat' dir='ltr'>Nauck,</span> <span class='ocrx_word' id='word_1_116' title='bbox 815 1324 911 1364; x_wconf 80' lang='lat' dir='ltr'>Mel.</span> <span class='ocrx_word' id='word_1_117' title='bbox 945 1325 1004 1363; x_wconf 92' lang='lat' dir='ltr'>VI</span> <span class='ocrx_word' id='word_1_118' title='bbox 1035 1336 1075 1374; x_wconf 92' lang='lat' dir='ltr'>p.</span> <span class='ocrx_word' id='word_1_119' title='bbox 1112 1326 1207 1365; x_wconf 85' lang='lat'>166.</span> 
     </span>
    </p>

    <p class='ocr_par' dir='ltr' id='par_1_12' title="bbox 218 1388 1979 1506">
     <span class='ocr_line' id='line_1_20' title="bbox 218 1388 1979 1443; baseline 0.002 -16"><span class='ocrx_word' id='word_1_120' title='bbox 218 1388 286 1428; x_wconf 89' lang='lat' dir='ltr'>Fr.</span> <span class='ocrx_word' id='word_1_121' title='bbox 325 1390 451 1430; x_wconf 91' lang='lat'>1116.</span> <span class='ocrx_word' id='word_1_122' title='bbox 484 1391 764 1443; x_wconf 81' lang='grc' dir='ltr'><em>περιχονὸριᾶν</em></span> <span class='ocrx_word' id='word_1_123' title='bbox 796 1393 953 1432; x_wconf 92' lang='lat' dir='ltr'>comici</span> <span class='ocrx_word' id='word_1_124' title='bbox 985 1403 1082 1432; x_wconf 89' lang='lat' dir='ltr'>esse</span> <span class='ocrx_word' id='word_1_125' title='bbox 1115 1393 1411 1432; x_wconf 88' lang='lat' dir='ltr'>incertissima</span> <span class='ocrx_word' id='word_1_126' title='bbox 1443 1395 1509 1432; x_wconf 89' lang='lat' dir='ltr'>est</span> <span class='ocrx_word' id='word_1_127' title='bbox 1537 1393 1797 1432; x_wconf 85' lang='lat' dir='ltr'>coniectura.</span> <span class='ocrx_word' id='word_1_128' title='bbox 1826 1392 1979 1442; x_wconf 82' lang='lat' dir='ltr'>Quidni</span> 
     </span>
     <span class='ocr_line' id='line_1_21' title="bbox 277 1457 747 1506; baseline 0.006 -11"><span class='ocrx_word' id='word_1_129' title='bbox 277 1457 337 1496; x_wconf 87' lang='lat' dir='ltr'>sit</span> <span class='ocrx_word' id='word_1_130' title='bbox 367 1458 514 1506; x_wconf 84' lang='lat' dir='ltr'>glossa</span> <span class='ocrx_word' id='word_1_131' title='bbox 546 1459 747 1498; x_wconf 84' lang='lat' dir='ltr'>medica?</span> 
     </span>
    </p>

    <p class='ocr_par' dir='ltr' id='par_1_13' title="bbox 221 1522 1979 1644">
     <span class='ocr_line' id='line_1_22' title="bbox 221 1522 1979 1580; baseline 0.003 -19"><span class='ocrx_word' id='word_1_132' title='bbox 221 1522 289 1562; x_wconf 89' lang='lat' dir='ltr'>Fr.</span> <span class='ocrx_word' id='word_1_133' title='bbox 329 1525 454 1565; x_wconf 88' lang='lat'>1117.</span> <span class='ocrx_word' id='word_1_134' title='bbox 498 1526 579 1565; x_wconf 91' lang='lat' dir='ltr'>Pro</span> <span class='ocrx_word' id='word_1_135' title='bbox 620 1530 925 1578; x_wconf 81' lang='grc' dir='ltr'><em>πεφορινῶσθαι</em></span> <span class='ocrx_word' id='word_1_136' title='bbox 966 1528 1113 1566; x_wconf 91' lang='lat' dir='ltr'>nescio</span> <span class='ocrx_word' id='word_1_137' title='bbox 1151 1538 1206 1566; x_wconf 89' lang='lat' dir='ltr'>an</span> <span class='ocrx_word' id='word_1_138' title='bbox 1239 1528 1541 1577; x_wconf 89' lang='lat' dir='ltr'>corrigendum</span> <span class='ocrx_word' id='word_1_139' title='bbox 1573 1529 1633 1567; x_wconf 92' lang='lat' dir='ltr'>sit</span> <span class='ocrx_word' id='word_1_140' title='bbox 1662 1531 1979 1580; x_wconf 82' lang='grc' dir='ltr'><em>πεφορινῆσθαι,</em></span> 
     </span>
     <span class='ocr_line' id='line_1_23' title="bbox 279 1591 851 1644; baseline 0.005 -15"><span class='ocrx_word' id='word_1_141' title='bbox 279 1591 409 1631; x_wconf 86' lang='lat' dir='ltr'>verbo</span> <span class='ocrx_word' id='word_1_142' title='bbox 441 1593 570 1632; x_wconf 85' lang='lat' dir='ltr'>ducto</span> <span class='ocrx_word' id='word_1_143' title='bbox 604 1604 660 1632; x_wconf 91' lang='lat' dir='ltr'>ex</span> <span class='ocrx_word' id='word_1_144' title='bbox 690 1593 851 1644; x_wconf 83' lang='grc' dir='ltr'><em>φορίνη.</em></span> 
     </span>
    </p>

    <p class='ocr_par' dir='ltr' id='par_1_14' title="bbox 221 1658 1725 1715">
     <span class='ocr_line' id='line_1_24' title="bbox 221 1658 1725 1715; baseline 0.003 -18"><span class='ocrx_word' id='word_1_145' title='bbox 221 1658 290 1698; x_wconf 93' lang='lat' dir='ltr'>Fr.</span> <span class='ocrx_word' id='word_1_146' title='bbox 327 1659 453 1699; x_wconf 89' lang='lat'>1121.</span> <span class='ocrx_word' id='word_1_147' title='bbox 488 1660 622 1700; x_wconf 82' lang='lat' dir='ltr'>Recte</span> <span class='ocrx_word' id='word_1_148' title='bbox 654 1661 718 1701; x_wconf 92' lang='lat' dir='ltr'>Bl.</span> <span class='ocrx_word' id='word_1_149' title='bbox 752 1661 796 1700; x_wconf 93' lang='lat' dir='ltr'>in</span> <span class='ocrx_word' id='word_1_150' title='bbox 827 1662 1101 1702; x_wconf 88' lang='lat' dir='ltr'>nominativo</span> <span class='ocrx_word' id='word_1_151' title='bbox 1133 1664 1314 1711; x_wconf 86' lang='lat' dir='ltr'>requirit</span> <span class='ocrx_word' id='word_1_152' title='bbox 1343 1663 1725 1715; x_wconf 80' lang='grc' dir='ltr'><em>ποντοφάρυ&lt;γ&gt;ξ.</em></span> 
     </span>
    </p>

    <p class='ocr_par' dir='ltr' id='par_1_15' title="bbox 219 1725 1978 1970">
     <span class='ocr_line' id='line_1_25' title="bbox 219 1725 1977 1781; baseline 0.002 -17"><span class='ocrx_word' id='word_1_153' title='bbox 219 1725 288 1765; x_wconf 87' lang='lat' dir='ltr'>Fr.</span> <span class='ocrx_word' id='word_1_154' title='bbox 337 1726 463 1766; x_wconf 82' lang='lat'>1124.</span> <span class='ocrx_word' id='word_1_155' title='bbox 522 1727 631 1767; x_wconf 80' lang='lat' dir='ltr'>Male</span> <span class='ocrx_word' id='word_1_156' title='bbox 687 1728 869 1768; x_wconf 82' lang='lat' dir='ltr'>Photius</span> <span class='ocrx_word' id='word_1_157' title='bbox 925 1729 1223 1781; x_wconf 80' lang='grc' dir='ltr'><em>προδοτίστερος</em></span> <span class='ocrx_word' id='word_1_158' title='bbox 1276 1731 1497 1780; x_wconf 77' lang='lat' dir='ltr'>componit</span> <span class='ocrx_word' id='word_1_159' title='bbox 1550 1741 1649 1771; x_wconf 83' lang='lat' dir='ltr'>cum</span> <span class='ocrx_word' id='word_1_160' title='bbox 1703 1729 1977 1781; x_wconf 83' lang='grc' dir='ltr'><em>πτωχίστερος,</em></span> 
     </span>
     <span class='ocr_line' id='line_1_26' title="bbox 277 1793 1978 1849; baseline 0.001 -17"><span class='ocrx_word' id='word_1_161' title='bbox 277 1793 437 1833; x_wconf 88' lang='lat' dir='ltr'>melius</span> <span class='ocrx_word' id='word_1_162' title='bbox 484 1805 583 1834; x_wconf 91' lang='lat' dir='ltr'>cum</span> <span class='ocrx_word' id='word_1_163' title='bbox 631 1795 898 1846; x_wconf 80' lang='grc' dir='ltr'><em>κλεπτίστερος</em></span> <span class='ocrx_word' id='word_1_164' title='bbox 947 1799 990 1835; x_wconf 87' lang='lat' dir='ltr'>et</span> <span class='ocrx_word' id='word_1_165' title='bbox 1035 1796 1222 1836; x_wconf 87' lang='lat' dir='ltr'>fortasse</span> <span class='ocrx_word' id='word_1_166' title='bbox 1268 1798 1538 1849; x_wconf 80' lang='grc' dir='ltr'><em>λαγνίστερος,</em></span> <span class='ocrx_word' id='word_1_167' title='bbox 1579 1798 1617 1836; x_wconf 94' lang='lat' dir='ltr'>si</span> <span class='ocrx_word' id='word_1_168' title='bbox 1664 1797 1848 1836; x_wconf 89' lang='lat' dir='ltr'>atticum</span> <span class='ocrx_word' id='word_1_169' title='bbox 1894 1796 1978 1835; x_wconf 87' lang='lat' dir='ltr'>fuit</span> 
     </span>
     <span class='ocr_line' id='line_1_27' title="bbox 275 1859 1975 1917; baseline 0.002 -19"><span class='ocrx_word' id='word_1_170' title='bbox 275 1859 419 1912; x_wconf 78' lang='grc' dir='ltr'><em>λάγνος</em></span> <span class='ocrx_word' id='word_1_171' title='bbox 459 1872 536 1911; x_wconf 91' lang='lat' dir='ltr'>pro</span> <span class='ocrx_word' id='word_1_172' title='bbox 577 1861 736 1914; x_wconf 75' lang='grc' dir='ltr'><em>λάγνης.</em></span> <span class='ocrx_word' id='word_1_173' title='bbox 788 1863 950 1903; x_wconf 89' lang='lat' dir='ltr'>Eodem</span> <span class='ocrx_word' id='word_1_174' title='bbox 989 1865 1178 1913; x_wconf 86' lang='lat' dir='ltr'>pertinet</span> <span class='ocrx_word' id='word_1_175' title='bbox 1219 1865 1547 1917; x_wconf 76' lang='grc' dir='ltr'><em>κακηγορίστατος</em></span> <span class='ocrx_word' id='word_1_176' title='bbox 1590 1865 1701 1914; x_wconf 90' lang='lat' dir='ltr'>apud</span> <span class='ocrx_word' id='word_1_177' title='bbox 1748 1863 1975 1912; x_wconf 88' lang='lat' dir='ltr'>Ecphanti-</span> 
     </span>
     <span class='ocr_line' id='line_1_28' title="bbox 275 1928 536 1970; baseline 0.011 -3"><span class='ocrx_word' id='word_1_178' title='bbox 275 1928 376 1968; x_wconf 89' lang='lat' dir='ltr'>dem</span> <span class='ocrx_word' id='word_1_179' title='bbox 410 1928 461 1969; x_wconf 88' lang='lat' dir='ltr'>fr.</span> <span class='ocrx_word' id='word_1_180' title='bbox 496 1930 536 1970; x_wconf 83' lang='lat'>5.</span> 
     </span>
    </p>

    <p class='ocr_par' dir='ltr' id='par_1_16' title="bbox 215 1994 1974 2051">
     <span class='ocr_line' id='line_1_29' title="bbox 215 1994 1974 2051; baseline 0.001 -17"><span class='ocrx_word' id='word_1_181' title='bbox 215 1994 282 2035; x_wconf 88' lang='lat' dir='ltr'>Fr.</span> <span class='ocrx_word' id='word_1_182' title='bbox 320 1995 445 2035; x_wconf 87' lang='lat'>1133.</span> <span class='ocrx_word' id='word_1_183' title='bbox 488 1997 693 2036; x_wconf 90' lang='lat' dir='ltr'>Formam</span> <span class='ocrx_word' id='word_1_184' title='bbox 736 1996 948 2049; x_wconf 77' lang='grc' dir='ltr'><em>ριγεσίβιος</em></span> <span class='ocrx_word' id='word_1_185' title='bbox 988 2009 1065 2047; x_wconf 93' lang='lat' dir='ltr'>pro</span> <span class='ocrx_word' id='word_1_186' title='bbox 1108 1997 1332 2051; x_wconf 76' lang='grc' dir='ltr'><em>ῥιγωσίβιος</em></span> <span class='ocrx_word' id='word_1_187' title='bbox 1375 1999 1603 2039; x_wconf 87' lang='lat' dir='ltr'>addubitat</span> <span class='ocrx_word' id='word_1_188' title='bbox 1634 1998 1696 2037; x_wconf 95' lang='lat' dir='ltr'>Bl.</span> <span class='ocrx_word' id='word_1_189' title='bbox 1730 1997 1791 2036; x_wconf 83' lang='lat' dir='ltr'>Of.</span> <span class='ocrx_word' id='word_1_190' title='bbox 1825 1998 1974 2036; x_wconf 88' lang='lat' dir='ltr'>tamen</span> 
     </span>
    </p>
   </div>
   <div class='ocr_carea' id='block_1_6' title="bbox 197 2061 1975 2116">
    <p class='ocr_par' dir='ltr' id='par_1_17' title="bbox 197 2061 1975 2116">
     <span class='ocr_line' id='line_1_30' title="bbox 197 2061 1975 2116; baseline 0.002 -16"><span class='ocrx_word' id='word_1_191' title='bbox 197 2111 200 2114; x_wconf 9' lang='grc' dir='ltr'><strong><em>ἦ</em></strong></span> <span class='ocrx_word' id='word_1_192' title='bbox 275 2061 502 2115; x_wconf 77' lang='grc' dir='ltr'><em>ριγεδανός,</em></span> <span class='ocrx_word' id='word_1_193' title='bbox 556 2062 697 2115; x_wconf 81' lang='grc' dir='ltr'><em>ριγεῖν,</em></span> <span class='ocrx_word' id='word_1_194' title='bbox 752 2063 928 2116; x_wconf 78' lang='grc' dir='ltr'><em>ῥιγηλός,</em></span> <span class='ocrx_word' id='word_1_195' title='bbox 980 2062 1216 2112; x_wconf 83' lang='grc' dir='ltr'><em>ὠλεσίοικος.</em></span> <span class='ocrx_word' id='word_1_196' title='bbox 1263 2067 1345 2106; x_wconf 93' lang='lat' dir='ltr'>Pro</span> <span class='ocrx_word' id='word_1_197' title='bbox 1392 2066 1531 2105; x_wconf 85' lang='lat' dir='ltr'>altera</span> <span class='ocrx_word' id='word_1_198' title='bbox 1578 2066 1763 2105; x_wconf 87' lang='lat' dir='ltr'>lectione</span> <span class='ocrx_word' id='word_1_199' title='bbox 1809 2064 1975 2104; x_wconf 84' lang='lat' dir='ltr'>faciunt</span> 
     </span>
    </p>
   </div>
   <div class='ocr_carea' id='block_1_7' title="bbox 216 2131 1974 3258">
    <p class='ocr_par' dir='ltr' id='par_1_18' title="bbox 274 2131 1972 2237">
     <span class='ocr_line' id='line_1_31' title="bbox 274 2131 1972 2182; baseline 0.001 -13"><span class='ocrx_word' id='word_1_200' title='bbox 274 2131 447 2178; x_wconf 88' lang='lat' dir='ltr'>praeter</span> <span class='ocrx_word' id='word_1_201' title='bbox 487 2141 558 2170; x_wconf 89' lang='lat' dir='ltr'>vv.</span> <span class='ocrx_word' id='word_1_202' title='bbox 592 2131 637 2170; x_wconf 92' lang='grc'>11.</span> <span class='ocrx_word' id='word_1_203' title='bbox 680 2132 792 2180; x_wconf 92' lang='lat' dir='ltr'>apud</span> <span class='ocrx_word' id='word_1_204' title='bbox 833 2132 1049 2171; x_wconf 87' lang='lat' dir='ltr'>Kockium</span> <span class='ocrx_word' id='word_1_205' title='bbox 1091 2133 1309 2181; x_wconf 89' lang='lat' dir='ltr'>vulgatior</span> <span class='ocrx_word' id='word_1_206' title='bbox 1349 2134 1549 2182; x_wconf 86' lang='lat' dir='ltr'>analogia</span> <span class='ocrx_word' id='word_1_207' title='bbox 1580 2134 1623 2172; x_wconf 90' lang='lat' dir='ltr'>et</span> <span class='ocrx_word' id='word_1_208' title='bbox 1654 2133 1795 2181; x_wconf 89' lang='lat' dir='ltr'>aptior</span> <span class='ocrx_word' id='word_1_209' title='bbox 1826 2142 1972 2171; x_wconf 90' lang='lat' dir='ltr'>nume-</span> 
     </span>
     <span class='ocr_line' id='line_1_32' title="bbox 276 2197 523 2237; baseline 0.004 -1"><span class='ocrx_word' id='word_1_210' title='bbox 276 2197 337 2236; x_wconf 89' lang='lat' dir='ltr'>ris</span> <span class='ocrx_word' id='word_1_211' title='bbox 367 2197 523 2237; x_wconf 83' lang='lat' dir='ltr'>forma.</span> 
     </span>
    </p>

    <p class='ocr_par' dir='ltr' id='par_1_19' title="bbox 216 2264 1974 2518">
     <span class='ocr_line' id='line_1_33' title="bbox 216 2264 1974 2317; baseline 0.001 -15"><span class='ocrx_word' id='word_1_212' title='bbox 216 2264 283 2303; x_wconf 88' lang='lat' dir='ltr'>Fr.</span> <span class='ocrx_word' id='word_1_213' title='bbox 321 2265 446 2304; x_wconf 89' lang='lat'>1166.</span> <span class='ocrx_word' id='word_1_214' title='bbox 482 2264 844 2315; x_wconf 80' lang='grc' dir='ltr'><em>Τολμη&lt;μα&gt;τίας</em></span> <span class='ocrx_word' id='word_1_215' title='bbox 876 2266 1125 2315; x_wconf 87' lang='lat' dir='ltr'>analogiam</span> <span class='ocrx_word' id='word_1_216' title='bbox 1151 2267 1374 2315; x_wconf 90' lang='lat' dir='ltr'>postulare</span> <span class='ocrx_word' id='word_1_217' title='bbox 1399 2269 1526 2316; x_wconf 88' lang='lat' dir='ltr'>putat</span> <span class='ocrx_word' id='word_1_218' title='bbox 1551 2267 1633 2317; x_wconf 80' lang='lat' dir='ltr'>BL,</span> <span class='ocrx_word' id='word_1_219' title='bbox 1662 2267 1757 2306; x_wconf 92' lang='lat' dir='ltr'>coll.</span> <span class='ocrx_word' id='word_1_220' title='bbox 1785 2266 1974 2316; x_wconf 79' lang='grc' dir='ltr'><em>ληματίας</em></span> 
     </span>
     <span class='ocr_line' id='line_1_34' title="bbox 275 2331 1973 2383; baseline 0.002 -14"><span class='ocrx_word' id='word_1_221' title='bbox 275 2333 320 2370; x_wconf 90' lang='lat' dir='ltr'>et</span> <span class='ocrx_word' id='word_1_222' title='bbox 358 2331 610 2382; x_wconf 76' lang='grc' dir='ltr'><em>τραυματίας.</em></span> <span class='ocrx_word' id='word_1_223' title='bbox 652 2333 697 2372; x_wconf 85' lang='lat' dir='ltr'>Si</span> <span class='ocrx_word' id='word_1_224' title='bbox 738 2342 897 2372; x_wconf 89' lang='lat' dir='ltr'>sanum</span> <span class='ocrx_word' id='word_1_225' title='bbox 929 2334 1019 2381; x_wconf 86' lang='lat' dir='ltr'>est,</span> <span class='ocrx_word' id='word_1_226' title='bbox 1053 2334 1242 2382; x_wconf 87' lang='lat' dir='ltr'>pertinet</span> <span class='ocrx_word' id='word_1_227' title='bbox 1273 2335 1327 2373; x_wconf 85' lang='lat' dir='ltr'>ad</span> <span class='ocrx_word' id='word_1_228' title='bbox 1361 2334 1572 2374; x_wconf 87' lang='lat' dir='ltr'>vocabula</span> <span class='ocrx_word' id='word_1_229' title='bbox 1602 2334 1858 2383; x_wconf 86' lang='lat' dir='ltr'>aphaeresin</span> <span class='ocrx_word' id='word_1_230' title='bbox 1890 2333 1973 2381; x_wconf 91' lang='lat' dir='ltr'>syl-</span> 
     </span>
     <span class='ocr_line' id='line_1_35' title="bbox 274 2397 1973 2450; baseline 0.002 -13"><span class='ocrx_word' id='word_1_231' title='bbox 274 2397 459 2438; x_wconf 90' lang='lat' dir='ltr'>labicam</span> <span class='ocrx_word' id='word_1_232' title='bbox 504 2409 652 2450; x_wconf 87' lang='lat' dir='ltr'>passa,</span> <span class='ocrx_word' id='word_1_233' title='bbox 700 2399 844 2448; x_wconf 86' lang='lat' dir='ltr'>qualia</span> <span class='ocrx_word' id='word_1_234' title='bbox 883 2400 1101 2449; x_wconf 90' lang='lat' dir='ltr'>permulta</span> <span class='ocrx_word' id='word_1_235' title='bbox 1142 2400 1295 2449; x_wconf 89' lang='lat' dir='ltr'>collegi</span> <span class='ocrx_word' id='word_1_236' title='bbox 1336 2402 1380 2440; x_wconf 91' lang='lat' dir='ltr'>in</span> <span class='ocrx_word' id='word_1_237' title='bbox 1426 2402 1565 2441; x_wconf 84' lang='lat' dir='ltr'>lexico</span> <span class='ocrx_word' id='word_1_238' title='bbox 1608 2412 1706 2441; x_wconf 89' lang='lat' dir='ltr'>meo</span> <span class='ocrx_word' id='word_1_239' title='bbox 1748 2401 1887 2450; x_wconf 89' lang='lat' dir='ltr'>suppl.</span> <span class='ocrx_word' id='word_1_240' title='bbox 1931 2403 1973 2440; x_wconf 88' lang='lat' dir='ltr'>et</span> 
     </span>
     <span class='ocr_line' id='line_1_36' title="bbox 276 2465 1108 2518; baseline 0.004 -14"><span class='ocrx_word' id='word_1_241' title='bbox 276 2465 376 2505; x_wconf 77' lang='lat' dir='ltr'>dial.</span> <span class='ocrx_word' id='word_1_242' title='bbox 408 2476 444 2505; x_wconf 80' lang='lat' dir='ltr'>S.</span> <span class='ocrx_word' id='word_1_243' title='bbox 477 2477 517 2505; x_wconf 88' lang='lat' dir='ltr'>v.</span> <span class='ocrx_word' id='word_1_244' title='bbox 550 2467 766 2518; x_wconf 84' lang='grc' dir='ltr'><em>τριμίσκον,</em></span> <span class='ocrx_word' id='word_1_245' title='bbox 796 2477 893 2516; x_wconf 84' lang='lat' dir='ltr'>pag.</span> <span class='ocrx_word' id='word_1_246' title='bbox 927 2468 1012 2506; x_wconf 87' lang='grc'>829</span> <span class='ocrx_word' id='word_1_247' title='bbox 1045 2477 1108 2515; x_wconf 82' lang='lat' dir='ltr'>sq.</span> 
     </span>
    </p>

    <p class='ocr_par' dir='ltr' id='par_1_20' title="bbox 217 2531 1970 2657">
     <span class='ocr_line' id='line_1_37' title="bbox 217 2531 1970 2586; baseline 0.002 -15"><span class='ocrx_word' id='word_1_248' title='bbox 217 2531 285 2572; x_wconf 83' lang='lat' dir='ltr'>Fr.</span> <span class='ocrx_word' id='word_1_249' title='bbox 322 2533 447 2572; x_wconf 84' lang='lat'>1173.</span> <span class='ocrx_word' id='word_1_250' title='bbox 490 2533 680 2582; x_wconf 84' lang='lat' dir='ltr'>Hesych.</span> <span class='ocrx_word' id='word_1_251' title='bbox 724 2531 1044 2585; x_wconf 71' lang='grc' dir='ltr'><em>πυρωθέντα·</em></span> <span class='ocrx_word' id='word_1_252' title='bbox 1087 2532 1352 2585; x_wconf 82' lang='grc' dir='ltr'><em>ταραχθέντα,</em></span> <span class='ocrx_word' id='word_1_253' title='bbox 1391 2534 1693 2586; x_wconf 86' lang='grc' dir='ltr'><em>κινηθέντα.</em></span> <span class='ocrx_word' id='word_1_254' title='bbox 1735 2536 1868 2575; x_wconf 73' lang='lat' dir='ltr'>Recte</span> <span class='ocrx_word' id='word_1_255' title='bbox 1906 2536 1970 2575; x_wconf 92' lang='lat' dir='ltr'>Bl.</span> 
     </span>
     <span class='ocr_line' id='line_1_38' title="bbox 275 2598 1928 2657; baseline 0.002 -20"><span class='ocrx_word' id='word_1_256' title='bbox 275 2598 616 2651; x_wconf 84' lang='grc' dir='ltr'><em>τυρευθέντα·</em></span> <span class='ocrx_word' id='word_1_257' title='bbox 640 2599 1034 2652; x_wconf 46' lang='grc' dir='ltr'><em>ῄκυκηθέντα,</em></span> <span class='ocrx_word' id='word_1_258' title='bbox 1067 2601 1161 2640; x_wconf 86' lang='lat' dir='ltr'>coll.</span> <span class='ocrx_word' id='word_1_259' title='bbox 1198 2601 1300 2641; x_wconf 82' lang='lat' dir='ltr'>Hes.</span> <span class='ocrx_word' id='word_1_260' title='bbox 1335 2603 1558 2654; x_wconf 85' lang='grc' dir='ltr'><em>τυρεύει·</em></span> <span class='ocrx_word' id='word_1_261' title='bbox 1591 2602 1784 2654; x_wconf 79' lang='grc' dir='ltr'><em>ταράττει,</em></span> <span class='ocrx_word' id='word_1_262' title='bbox 1815 2609 1928 2657; x_wconf 78' lang='grc' dir='ltr'><strong>κυκᾷ.</strong></span> 
     </span>
    </p>

    <p class='ocr_par' dir='ltr' id='par_1_21' title="bbox 217 2666 1736 2723">
     <span class='ocr_line' id='line_1_39' title="bbox 217 2666 1736 2723; baseline 0.003 -18"><span class='ocrx_word' id='word_1_263' title='bbox 217 2666 284 2706; x_wconf 85' lang='lat' dir='ltr'>Fr.</span> <span class='ocrx_word' id='word_1_264' title='bbox 322 2667 447 2707; x_wconf 90' lang='lat'>1180.</span> <span class='ocrx_word' id='word_1_265' title='bbox 482 2667 631 2707; x_wconf 88' lang='lat' dir='ltr'>Nauck</span> <span class='ocrx_word' id='word_1_266' title='bbox 665 2670 767 2708; x_wconf 88' lang='lat' dir='ltr'>ante</span> <span class='ocrx_word' id='word_1_267' title='bbox 799 2668 862 2708; x_wconf 89' lang='lat' dir='ltr'>Bl.</span> <span class='ocrx_word' id='word_1_268' title='bbox 896 2667 1119 2723; x_wconf 78' lang='grc' dir='ltr'><em>ὑπερμαζᾷ,</em></span> <span class='ocrx_word' id='word_1_269' title='bbox 1150 2669 1246 2708; x_wconf 94' lang='lat' dir='ltr'>coll.</span> <span class='ocrx_word' id='word_1_270' title='bbox 1280 2669 1424 2709; x_wconf 86' lang='lat' dir='ltr'>Photii</span> <span class='ocrx_word' id='word_1_271' title='bbox 1455 2670 1596 2709; x_wconf 86' lang='lat' dir='ltr'>lexico</span> <span class='ocrx_word' id='word_1_272' title='bbox 1628 2680 1663 2709; x_wconf 89' lang='lat' dir='ltr'>s.</span> <span class='ocrx_word' id='word_1_273' title='bbox 1698 2681 1736 2710; x_wconf 91' lang='lat' dir='ltr'>v.</span> 
     </span>
    </p>

    <p class='ocr_par' dir='ltr' id='par_1_22' title="bbox 218 2734 1615 2786">
     <span class='ocr_line' id='line_1_40' title="bbox 218 2734 1615 2786; baseline 0.003 -14"><span class='ocrx_word' id='word_1_274' title='bbox 218 2734 284 2773; x_wconf 91' lang='lat' dir='ltr'>Fr.</span> <span class='ocrx_word' id='word_1_275' title='bbox 322 2735 446 2774; x_wconf 88' lang='lat'>1181.</span> <span class='ocrx_word' id='word_1_276' title='bbox 481 2735 569 2784; x_wconf 90' lang='lat' dir='ltr'>Ope</span> <span class='ocrx_word' id='word_1_277' title='bbox 603 2735 686 2775; x_wconf 94' lang='lat' dir='ltr'>loci</span> <span class='ocrx_word' id='word_1_278' title='bbox 718 2735 790 2775; x_wconf 91' lang='lat' dir='ltr'>Ar.</span> <span class='ocrx_word' id='word_1_279' title='bbox 825 2736 930 2776; x_wconf 90' lang='lat' dir='ltr'>Ach.</span> <span class='ocrx_word' id='word_1_280' title='bbox 961 2736 1046 2775; x_wconf 87' lang='lat'>842</span> <span class='ocrx_word' id='word_1_281' title='bbox 1080 2734 1312 2785; x_wconf 82' lang='grc' dir='ltr'><em>ὑποψωνεῐν</em></span> <span class='ocrx_word' id='word_1_282' title='bbox 1344 2737 1521 2786; x_wconf 88' lang='lat' dir='ltr'>corrigit</span> <span class='ocrx_word' id='word_1_283' title='bbox 1551 2737 1615 2777; x_wconf 91' lang='lat' dir='ltr'>Bl.</span> 
     </span>
    </p>

    <p class='ocr_par' dir='ltr' id='par_1_23' title="bbox 216 2801 1969 2922">
     <span class='ocr_line' id='line_1_41' title="bbox 216 2801 1969 2855; baseline 0.003 -16"><span class='ocrx_word' id='word_1_284' title='bbox 216 2801 283 2840; x_wconf 88' lang='lat' dir='ltr'>Fr.</span> <span class='ocrx_word' id='word_1_285' title='bbox 321 2802 445 2841; x_wconf 90' lang='lat'>1188.</span> <span class='ocrx_word' id='word_1_286' title='bbox 493 2801 764 2842; x_wconf 87' lang='lat' dir='ltr'>Coniecturis</span> <span class='ocrx_word' id='word_1_287' title='bbox 810 2803 874 2842; x_wconf 90' lang='lat' dir='ltr'>Bl.</span> <span class='ocrx_word' id='word_1_288' title='bbox 927 2804 1046 2843; x_wconf 91' lang='lat' dir='ltr'>addit</span> <span class='ocrx_word' id='word_1_289' title='bbox 1091 2804 1535 2855; x_wconf 78' lang='grc' dir='ltr'><em>φθειρογομίὸης,</em></span> <span class='ocrx_word' id='word_1_290' title='bbox 1587 2804 1654 2844; x_wconf 88' lang='lat' dir='ltr'>cui</span> <span class='ocrx_word' id='word_1_291' title='bbox 1698 2804 1969 2844; x_wconf 85' lang='lat' dir='ltr'>coniecturae</span> 
     </span>
     <span class='ocr_line' id='line_1_42' title="bbox 273 2869 1596 2922; baseline 0.002 -15"><span class='ocrx_word' id='word_1_292' title='bbox 273 2879 379 2908; x_wconf 86' lang='lat' dir='ltr'>sane</span> <span class='ocrx_word' id='word_1_293' title='bbox 411 2879 553 2918; x_wconf 85' lang='lat' dir='ltr'>magls</span> <span class='ocrx_word' id='word_1_294' title='bbox 584 2869 703 2909; x_wconf 83' lang='lat' dir='ltr'>favet</span> <span class='ocrx_word' id='word_1_295' title='bbox 735 2870 943 2919; x_wconf 87' lang='lat' dir='ltr'>Hesychii</span> <span class='ocrx_word' id='word_1_296' title='bbox 976 2870 1208 2919; x_wconf 88' lang='lat' dir='ltr'>explicatio</span> <span class='ocrx_word' id='word_1_297' title='bbox 1242 2874 1424 2921; x_wconf 84' lang='grc' dir='ltr'><em>φθειρῶν</em></span> <span class='ocrx_word' id='word_1_298' title='bbox 1455 2869 1596 2922; x_wconf 76' lang='grc' dir='ltr'><em>γέμων.</em></span> 
     </span>
    </p>

    <p class='ocr_par' dir='ltr' id='par_1_24' title="bbox 216 2919 1322 2993">
     <span class='ocr_line' id='line_1_43' title="bbox 216 2919 1322 2993; baseline 0.002 -18"><span class='ocrx_word' id='word_1_299' title='bbox 216 2937 282 2976; x_wconf 76' lang='grc' dir='ltr'><strong>ΕΤ.</strong></span> <span class='ocrx_word' id='word_1_300' title='bbox 320 2919 445 2993; x_wconf 46' lang='grc' dir='ltr'><strong>119ᾳ.</strong></span> <span class='ocrx_word' id='word_1_301' title='bbox 478 2937 595 2976; x_wconf 80' lang='lat' dir='ltr'>Bene</span> <span class='ocrx_word' id='word_1_302' title='bbox 627 2937 776 2977; x_wconf 78' lang='lat' dir='ltr'>Nauck</span> <span class='ocrx_word' id='word_1_303' title='bbox 807 2938 991 2987; x_wconf 76' lang='grc' dir='ltr'><em>φίλετνής</em></span> <span class='ocrx_word' id='word_1_304' title='bbox 1023 2948 1099 2986; x_wconf 85' lang='lat' dir='ltr'>pro</span> <span class='ocrx_word' id='word_1_305' title='bbox 1132 2938 1322 2986; x_wconf 77' lang='grc' dir='ltr'><em>φίλετνος.</em></span> 
     </span>
    </p>

    <p class='ocr_par' dir='ltr' id='par_1_25' title="bbox 274 3003 1968 3258">
     <span class='ocr_line' id='line_1_44' title="bbox 334 3003 1968 3055; baseline 0.001 -13"><span class='ocrx_word' id='word_1_306' title='bbox 334 3003 611 3052; x_wconf 87' lang='lat' dir='ltr'>Fragmentis</span> <span class='ocrx_word' id='word_1_307' title='bbox 667 3006 845 3045; x_wconf 89' lang='lat' dir='ltr'>comicis</span> <span class='ocrx_word' id='word_1_308' title='bbox 897 3007 1117 3055; x_wconf 88' lang='lat' dir='ltr'>adespotis</span> <span class='ocrx_word' id='word_1_309' title='bbox 1163 3016 1185 3045; x_wconf 91' lang='lat' dir='ltr'>e</span> <span class='ocrx_word' id='word_1_310' title='bbox 1233 3007 1389 3045; x_wconf 84' lang='lat' dir='ltr'>Lexico</span> <span class='ocrx_word' id='word_1_311' title='bbox 1444 3006 1688 3045; x_wconf 87' lang='lat' dir='ltr'>Sabbaitico</span> <span class='ocrx_word' id='word_1_312' title='bbox 1747 3015 1968 3045; x_wconf 86' lang='lat' dir='ltr'>accessere</span> 
     </span>
     <span class='ocr_line' id='line_1_45' title="bbox 274 3070 744 3121; baseline 0.004 -12"><span class='ocrx_word' id='word_1_313' title='bbox 274 3073 385 3119; x_wconf 86' lang='lat' dir='ltr'>(pag.</span> <span class='ocrx_word' id='word_1_314' title='bbox 419 3071 484 3121; x_wconf 85' lang='lat'>19,</span> <span class='ocrx_word' id='word_1_315' title='bbox 519 3073 559 3116; x_wconf 84' lang='lat'>4)</span> <span class='ocrx_word' id='word_1_316' title='bbox 591 3070 744 3111; x_wconf 89' lang='lat' dir='ltr'>haece:</span> 
     </span>
     <span class='ocr_line' id='line_1_46' title="bbox 516 3135 1612 3191; baseline 0.004 -17"><span class='ocrx_word' id='word_1_317' title='bbox 516 3138 551 3183; x_wconf 92' lang='grc'>1)</span> <span class='ocrx_word' id='word_1_318' title='bbox 585 3135 780 3190; x_wconf 85' lang='grc' dir='ltr'><em>μετέωρον</em></span> <span class='ocrx_word' id='word_1_319' title='bbox 811 3135 966 3190; x_wconf 84' lang='grc' dir='ltr'><em>αἴρουσ’</em></span> <span class='ocrx_word' id='word_1_320' title='bbox 1004 3139 1049 3178; x_wconf 81' lang='grc' dir='ltr'><em>αἰ</em></span> <span class='ocrx_word' id='word_1_321' title='bbox 1075 3137 1261 3191; x_wconf 78' lang='grc' dir='ltr'><em>πτέρυγες</em></span> <span class='ocrx_word' id='word_1_322' title='bbox 1292 3138 1364 3189; x_wconf 85' lang='grc' dir='ltr'><em>τὴν</em></span> <span class='ocrx_word' id='word_1_323' title='bbox 1395 3144 1499 3177; x_wconf 86' lang='grc' dir='ltr'><em>ναῦν</em></span> <span class='ocrx_word' id='word_1_324' title='bbox 1531 3141 1612 3178; x_wconf 84' lang='lat' dir='ltr'>etc.</span> 
     </span>
     <span class='ocr_line' id='line_1_47' title="bbox 512 3202 1390 3258; baseline 0.001 -15"><span class='ocrx_word' id='word_1_325' title='bbox 512 3206 552 3251; x_wconf 82' lang='lat'>2&gt;</span> <span class='ocrx_word' id='word_1_326' title='bbox 585 3202 656 3252; x_wconf 77' lang='grc' dir='ltr'>ἕως</span> <span class='ocrx_word' id='word_1_327' title='bbox 687 3203 738 3244; x_wconf 72' lang='grc' dir='ltr'><em>ἂν</em></span> <span class='ocrx_word' id='word_1_328' title='bbox 769 3204 989 3257; x_wconf 81' lang='grc' dir='ltr'><em>ἐμπέσωσιν</em></span> <span class='ocrx_word' id='word_1_329' title='bbox 1021 3206 1075 3254; x_wconf 81' lang='grc' dir='ltr'>εἰς</span> <span class='ocrx_word' id='word_1_330' title='bbox 1106 3205 1174 3246; x_wconf 86' lang='grc' dir='ltr'><em>τὸν</em></span> <span class='ocrx_word' id='word_1_331' title='bbox 1205 3205 1390 3258; x_wconf 84' lang='grc' dir='ltr'><em>οὐρανόν.</em></span> 
     </span>
    </p>
   </div>
  </div>
 </body>
</html>
