2216 3522
1065 175 1147 213 221.

219 268 279 388 ‘sl
286 299 359 338 Vs.
383 276 463 370 ρὃ
496 300 731 340 Richards:
764 299 823 338 ὅτι
853 310 929 349 pro
961 299 1016 346 ὅς.

286 367 361 407 νε.
395 369 465 407 79.
514 368 640 408 Metti
686 376 822 409 causa
866 368 1131 417 gravissimo
1185 378 1331 408 errore
1377 370 1600 417 poetaster
1645 369 1763 408 dedit
1808 370 1985 420 βασίλεια

345 436 524 484 (regina)
555 445 632 492 pro
660 435 841 486 βασιλεία
872 438 1105 484 (regnum),
1139 435 1251 484 quod
1282 436 1501 475 sententia
1531 436 1739 484 postulat.

285 501 362 544 νε.
393 503 479 542 83.
497 502 640 542 Paene
670 503 840 551 integer
870 503 1035 552 petitus
1067 513 1123 542 ex
1154 503 1283 553 Soph.
1317 503 1383 542 Ai.
1418 503 1517 542 293.

286 569 360 610 Vs.
393 570 463 609 90.
496 570 703 610 Fortasse
732 570 966 619 legendum
998 568 1102 608 ἐστιν
1133 568 1272 622 ἐσχάτη
1303 571 1411 621 τύχη.

285 636 360 676 νε.
393 638 464 677 95.
496 636 657 676 θάττειν
688 638 766 676 vit.
798 639 889 686 typ.
922 648 1000 686 pro
1030 637 1212 676 θάπτειν.
1246 660 1299 666 -
1333 637 1394 677 Of.
1423 649 1556 686 supra
1582 639 1634 678 ad
1662 638 1768 679 Dub.
1797 642 1841 680 et
1865 651 1983 690 spur.
2018 679 2037 693 .›

345 700 576 757 fr.(1220.>
2044 695 2047 697 ’

285 771 360 812 νε.
397 765 494 812 109.
527 773 735 812 Fortasse
766 768 899 811 οὔποτ’
935 769 1067 811 οὐδὲν.

285 839 359 880 νε.
395 841 492 880 114.
526 840 789 889 Corruptum
819 838 995 890 χρηστὸς.
1026 840 1253 880 Sententia
1277 841 1471 889 postulat
1500 841 1643 880 felix
1675 843 1750 881 aut
1782 842 1953 882 dives.

283 906 359 947 Vs.
396 909 492 947 119.
527 908 758 948 Richards:
790 913 869 946 τῶν
901 907 1066 947 δικαίων
1098 907 1166 946 ἴνα
1196 908 1326 962 τύχῃς.

286 974 360 1014 νε.
397 975 493 1014 124.
527 976 731 1015 Fortasse
760 990 796 1014 τι
826 978 918 1025 (pro
947 974 1005 1022 τὸ)
1036 979 1189 1026 μικρὸν.

285 1041 360 1081 Vs.
398 1043 494 1082 138.
528 1043 592 1082 Bl.
625 1043 755 1097 δούλῳ
788 1039 824 1081 δ’
859 1040 974 1097 ἑτέρῳ
1005 1042 1201 1094 γεγονότι,
1232 1042 1327 1082 coll.
1361 1043 1471 1082 Men.
1505 1043 1605 1082 698.

286 1109 361 1149 νε.
398 1112 497 1150 141.
539 1111 719 1160 Propter
754 1111 944 1150 formam
986 1111 1175 1150 ionicam
1217 1109 1577 1149 dadot=dldoe61v
1618 1109 1709 1150 fieri
1751 1113 1897 1160 potest
1936 1115 1985 1151 ut

344 1178 415 1218 hic
446 1189 601 1218 versus
632 1179 812 1228 antiquo
844 1179 1157 1227 iambographo
1188 1178 1413 1218 sublectus
1444 1178 1516 1217 sit.

286 1246 361 1285 Vs.
398 1247 494 1286 145.
538 1245 798 1296 Corruptum
844 1244 1011 1297 πλάσῃς.
1053 1246 1167 1285 Num
1213 1246 1325 1285 forte
1365 1243 1412 1284 ε’π.
1453 1241 1586 1295 ’ἀνδρὶ
1626 1245 1885 1297 δυστυχοῦντι
1930 1246 1983 1296 μὴ

339 1310 595 1368 ’παγάγῃς
626 1312 770 1363 κακόν,
802 1316 852 1353 ut
882 1314 1042 1353 dicitur
1068 1311 1185 1363 ἄτην,
1209 1318 1341 1362 πῆμα,
1368 1311 1528 1361 νόσους,
1552 1312 1788 1361 κινδύνους,
1811 1312 1984 1363 πόλεμον

345 1379 505 1434 ἐπάγειν
535 1381 653 1420 mvii).
679 1382 840 1421 Lenius
871 1382 1006 1421 etiam
1037 1390 1191 1430 posses
1221 1378 1494 1434 ἐπελάσῃς,
1524 1380 1563 1419 si
1588 1380 1840 1430 exemplum
1865 1381 1984 1420 verbi

346 1446 578 1488 ἐπελαύνειν
608 1449 814 1488 similiter
845 1449 1044 1497 usurpati
1075 1449 1262 1487 extaret.

290 1515 364 1555 Vs.
401 1517 497 1556 150.
531 1516 593 1556 Cf.
627 1517 737 1555 Men.
771 1517 856 1555 733
889 1516 998 1562 (BL).

288 1583 364 1623 Vs.
401 1585 497 1624 156.
531 1583 592 1624 cf.
625 1584 785 1632 Adesp.
820 1584 906 1622 238
940 1582 1048 1628 (BL).

288 1651 363 1691 νε.
400 1652 498 1691 168.
532 1651 594 1691 Cf.
628 1651 739 1690 Men.
772 1651 859 1690 760
890 1650 1003 1697 (BL).
1200 1693 1206 1697 ,

287 1719 362 1758 νε.
398 1720 482 1759 176
501 1735 555 1750 =
575 1719 673 1758 Eur.
706 1718 758 1757 fr.
793 1719 893 1766 236,
926 1718 999 1757 ubi
1030 1719 1100 1756 est
1130 1715 1206 1755 σὺν
1237 1732 1275 1766 μ.

288 1786 361 1826 νε.
398 1787 495 1826 183.
529 1786 591 1826 Cf.
624 1786 734 1825 Men.
768 1786 869 1834 380,
907 1786 927 1823 1
962 1785 1072 1831 (BL).

286 1854 361 1894 Vs.
395 1855 494 1894 203.
519 1852 627 1903 Ἔθη
660 1863 735 1902 pro
766 1850 851 1902 ἤθη
884 1852 1109 1891 Richards.
1142 1853 1188 1890 et
1219 1861 1284 1890 vs.
1318 1851 1404 1890 304
1435 1848 1531 1896 ἔθος
1561 1861 1638 1900 pro
1668 1843 1783 1900 ἦθος.

286 1921 361 1961 νε.
395 1923 554 1961 210=
573 1921 716 1970 Eurip.
748 1920 800 1959 fr.
837 1920 969 1968 1113,
1003 1918 1076 1958 ubi
1106 1916 1253 1972 ἑκάστῳ
1286 1917 1394 1963 (BL).

282 1988 358 2028 νε.
391 1989 477 2028 215
509 1988 704 2038 graviter
745 1988 993 2035 corruptus,
1036 1996 1117 2025 nec
1156 1984 1320 2024 sufficit
1358 1984 1473 2036 γάμει
1508 1984 1696 2023 scribere
1728 1995 1804 2033 pro
1834 1987 1985 2035 γαμεῖν.

343 2056 610 2105 Expectatur
649 2054 892 2094 sententia:
938 2052 1211 2092 coelibem
1255 2052 1429 2091 vitam
1470 2052 1739 2091 universe
1780 2051 1983 2100 praefe-

350 2124 574 2163 rendam
607 2133 731 2162 esse
761 2121 1149 2169 matrimonio,
1183 2130 1223 2158 v.
1257 2130 1292 2159 c.
1324 2122 1462 2170 κρατεῖ
1480 2117 1523 2157 τὸ
1555 2118 1725 2157 σύνολον
1751 2124 1820 2156 τοῦ
1845 2120 1985 2169 γαμεῖν

350 2189 394 2230 τὸ
425 2189 479 2240 μὴ
510 2192 661 2242 γαμεῖν.

291 2258 367 2298 νε.
385 2258 485 2297 221.
510 2254 632 2296 ‘mov
665 2267 741 2306 pro
764 2252 869 2294 Ἡδὺ
895 2255 1121 2294 Richards.
1148 2254 1298 2293 Possis
1324 2254 1458 2294 etiam
1474 2250 1531 2291 Ἢ
1546 2253 1611 2291 δεῖ
1629 2259 1784 2292 σιωπᾶν
1808 2250 1834 2303 ἣ
1854 2255 1986 2291 λαλεῖν

351 2323 376 2363 ἃ
409 2324 460 2376 δὴ
491 2328 584 2374 (pro
614 2323 684 2373 μὴ)
714 2320 864 2373 πρέπει.
896 2321 1120 2361 Violenter
1149 2321 1213 2360 Bl.
1240 2323 1426 2371 κρεῖττον.
1452 2320 1547 2359 Vid.
1575 2318 1780 2368 Aeschyli
1807 2320 1858 2359 fr.
1886 2320 1984 2369 208,

351 2393 496 2441 ibique
527 2391 787 2439 Nauckium‚
1796 2380 1802 2387 ’

291 2461 366 2501 νε.
399 2461 498 2500 222.
530 2458 681 2498 Nauck
711 2458 767 2497 ad
797 2457 896 2496 Eur.
928 2456 980 2495 fr.
1013 2457 1108 2495 977·
1132 2458 1317 2504 σοφοῖσιν
1347 2453 1566 2506 ἀπόκρισις.

296 2528 366 2568 Vs.
399 2528 499 2567 229.
540 2524 774 2566 Richards:
818 2522 918 2562 Θεὸν
958 2521 1078 2574 σέβου
1119 2520 1186 2561 καὶ
1225 2522 1355 2561 πάντα
1395 2521 1555 2572 πράξεις
1596 2519 1688 2559 σὺν
1728 2522 1878 2566 θεοῖς
1909 2530 1986 2569 pro

352 2593 520 2641 ἐνθέως,
549 2593 625 2633 sed
655 2591 862 2632 debuerat
893 2589 987 2629 σὺν
1018 2592 1131 2644 θεῷ.

292 2662 367 2702 Vs.
401 2661 501 2701 234.
537 2658 661 2705 Θεὸς
701 2655 881 2706 πέφυκεν
911 2655 1016 2703 ὅστις
1046 2653 1166 2695 οὐδὲν
1198 2655 1273 2710 δρᾷ
1303 2654 1440 2694 κακόν.
1470 2654 1567 2693 Noli
1599 2653 1796 2693 conicere
1826 2655 1986 2699 θεῖος.

353 2728 461 2779 Quia
509 2725 790 2776 „peccatis
836 2725 958 2763 sine
998 2733 1155 2763 nemo
1202 2722 1501 2770 nascitur’',
1545 2720 1677 2760 deus
1717 2720 1777 2758 sit
1807 2729 1986 2759 necesse

353 2796 421 2835 est
452 2791 473 2832 ὁ
504 2791 791 2843 ἀναμάρτητος.

294 2862 366 2902 νε.
402 2863 500 2902 235.
542 2859 749 2911 γράμματα
786 2868 863 2908 pro
902 2856 1111 2909 πράγματα
1145 2866 1244 2896 vere
1276 2855 1499 2895 Richards.
1533 2853 1594 2893 cf.
1629 2863 1717 2892 vss,
1752 2852 1850 2891 312.
1884 2853 1984 2891 403.

354 2929 455 2969 438.
489 2928 589 2968 652.
621 2928 721 2966 657.

294 2997 368 3035 Vs.
402 2995 689 3036 242=Men,
735 2994 860 3033 1110.
906 3014 957 3021 --
990 2993 1234 3042 παραστατεῖ
1267 2990 1417 3029 malim
1471 2998 1572 3028 cum
1612 2987 1675 3026 Bl.
1718 2986 1813 3025 coll.
1857 2986 1985 3034 Soph.

354 3063 416 3102 El.
448 3063 553 3110 917;
586 3061 633 3101 Ο.
667 3061 716 3100 R.
748 3061 849 3100 400.

296 3131 368 3169 Vs.
404 3131 503 3169 248.
537 3128 598 3168 cf.
630 3128 729 3167 Eur.
760 3128 811 3167 fr.
845 3127 931 3167 808
962 3127 1071 3172 (BL).

296 3197 369 3237 νε.
404 3197 503 3236 257.
536 3195 656 3235 Idem
689 3197 808 3234 recte
838 3194 905 3248 βίᾳ
937 3204 1013 3243 pro
1044 3192 1129 3247 βίῳ.
