2216 3522
1128 219 1212 259 100

347 350 483 398 idem,
521 358 625 389 nam
665 346 707 387 τὸ
754 346 911 397 τάριχον
956 354 1162 395 graecum
1203 353 1290 384 non
1330 354 1448 393 esse,
1481 344 1558 384 sed
1589 354 1644 384 ex
1677 343 1861 384 articulo
1892 343 2049 383 neutro

350 419 505 457 natum
532 415 808 456 librariorum
839 412 1016 463 σφάλμα,
1046 412 1144 462 quis
1175 421 1312 452 sanus
1344 420 1432 451 non
1458 411 1610 451 videt?
1641 410 1806 452 Ibidem
1822 410 1851 451 l.
1869 407 2056 462 μειχθεὶς.

294 486 359 526 Fr.
392 486 463 534 51,
500 486 536 524 1.
584 483 647 523 Bl.
692 483 765 523 cst.
809 482 918 521 Nub.
952 481 1062 529 858;
1106 480 1233 530 Vesp.
1268 480 1378 528 665;
1421 479 1533 520 Eccl.
1567 479 1672 529 682,
1715 480 1835 519 recte
1875 478 2054 519 interro·

351 553 481 604 gandi
512 553 690 602 signum
725 554 1020 600 transponens
1051 551 1149 599 post
1181 548 1301 597 Σύρε.

296 622 361 661 Fr.
396 622 465 661 52.
499 621 539 660 8.
573 616 671 670 ἁρχὴ
702 619 797 658 sine
829 627 963 658 causa
994 616 1057 657 Bi.
1090 616 1151 656 Ea
1181 626 1271 656 vox
1302 617 1353 656 ut
1376 612 1485 662 τέλος
1521 616 1567 655 et
1602 613 1758 666 τελευτή
1782 624 1913 664 saepe
1937 615 2059 655 caret

352 687 546 728 articulo.
568 687 688 727 —In
722 696 786 726 vs.
815 687 838 725 7
874 685 1019 726 verbis
1050 684 1193 731 δοῦλος
1228 682 1349 730 αὐτὸς
1382 682 1531 735 γίνεται
1563 683 1605 729 (l.
1633 681 1807 735 γίγνεται
1833 682 1905 723 hic
1928 684 1974 723 et
2003 682 2058 722 10

353 759 397 796 et
434 756 500 800 13)
546 764 630 794 non
673 754 817 801 δοῦλος
858 754 902 793 in
945 751 1125 802 φροῦδος
1166 762 1267 792 cum
1300 750 1464 791 Kockio
1496 750 1758 791 mutandum
1792 750 1950 800 videri,
1979 749 2056 790 sed

352 822 473 870 αὐτὸς
520 823 562 862 in
609 820 734 876 αὑτῷ,
782 822 871 861 iam
912 821 1019 861 olim
1062 821 1225 860 monui.
1267 819 1312 859 si
1353 819 1428 868 qui
1469 829 1635 869 pauper
1670 819 1848 859 duxerit
1892 817 2057 859 indota-

353 894 447 931 tam
505 889 753 938 mulierem,
808 888 919 928 sibi
971 888 1083 938 ipsi
1135 897 1336 928 servus
1376 887 1467 937 rit,
1510 886 1578 927 sin
1630 886 1834 936 divitem,
1878 884 2057 926 uxori.
2095 884 2099 891 ‘

355 958 570 1007 Blaydesii
612 958 860 997 tentamina
897 957 983 997 tria
1024 956 1187 997 nullius
1227 957 1332 996 sunt
1362 956 1511 1005 pretii,
1543 955 1586 995 in
1619 954 1778 1004 quibus
1809 964 1959 995 meum
1989 954 2060 994 est

353 1020 495 1075 αὖθις,
535 1026 646 1075 quod
689 1025 853 1065 dudum
887 1025 1149 1074 abieceram,
1184 1024 1393 1073 quoniam
1425 1025 1543 1064 recte
1575 1023 1791 1063 Kockium
1826 1032 1888 1062 vs.
1922 1023 1950 1063 6
1980 1031 2060 1072 pro

350 1092 418 1133 καὶ
447 1091 572 1144 πένης
603 1093 646 1132 in
678 1092 778 1132 κούκ
809 1091 911 1144 ἀνήρ
943 1095 1142 1132 mutasse
1175 1091 1498 1141 intellegebam.
1534 1113 1587 1120 —
1626 1091 1696 1131 VS.
1729 1091 1796 1130 10.
1830 1089 2059 1131 Manifesta

353 1160 506 1207 εἴσοδος
537 1170 623 1200 non
655 1160 962 1200 amicorum
994 1162 1080 1209 est,
1116 1162 1165 1200 ut
1196 1161 1321 1209 putat
1351 1159 1436 1209 BL,
1469 1159 1545 1199 sed
1572 1159 1711 1209 ipsius
1736 1158 1880 1208 turpis
1905 1157 2060 1198 uxoris

353 1228 519 1278 mariti,
562 1228 635 1276 qui
666 1228 847 1268 domum
879 1239 1007 1269 suam
1039 1238 1221 1278 perosus
1251 1230 1467 1277 quantum
1498 1229 1646 1277 potest
1674 1226 1848 1276 fugiens
1874 1235 2056 1267 uxorem

353 1297 457 1336 foris
490 1299 712 1344 versatur;
755 1296 856 1345 quid
889 1299 1038 1337 autem
1070 1296 1153 1336 sibi
1189 1296 1294 1335 velit
1326 1296 1421 1336 eius
1452 1295 1704 1335 coniectura
1733 1289 1804 1333 ἐστ’
1838 1293 1894 1342 εἰς
1925 1292 2059 1334 οἰκίαν

353 1365 445 1414 ipsc
489 1364 660 1404 viderit.

296 1433 361 1472 Fr.
396 1433 465 1481 53,
499 1433 539 1472 3.
588 1432 776 1481 Blaydes
823 1432 977 1482 probat
1022 1443 1167 1473 meam
1217 1432 1531 1472 correctionem
1573 1428 1695 1478 αὐτὸς
1728 1439 1805 1480 pro
1846 1423 1975 1479 οὗτος.
2002 1451 2055 1459 -

353 1500 424 1539 Vs.
459 1502 485 1539 4
519 1502 611 1539 tam
644 1500 869 1540 evidenter
900 1500 1093 1540 correxit
1122 1500 1299 1550 Jacobs,
1336 1501 1383 1539 ut
1411 1498 1540 1539 facile
1566 1508 1799 1539 careamus
1822 1497 2062 1540 infeliciore

354 1568 481 1618 Angli
524 1569 786 1618 tentamine,
835 1568 947 1617 quod
993 1568 1108 1609 idem
1157 1568 1276 1609 valet
1320 1568 1373 1608 de
1410 1578 1476 1607 vs.
1510 1568 1550 1617 7,
1593 1567 1666 1607 ubi
1706 1566 1841 1607 affero
1880 1567 2058 1607 tantum

354 1635 583 1675 Headlami
610 1638 836 1676 tentamen
863 1636 1036 1688 λήθην
1069 1633 1112 1676 δὲ
1137 1642 1279 1686 ποιῶν,
1302 1635 1343 1676 εἴ
1362 1651 1397 1675 τι
1424 1634 1628 1683 δυσκόλως
1653 1633 1784 1687 ἔχοι,
1808 1634 1923 1684 quod
1948 1634 2059 1675 mihi

352 1703 527 1752 quidem
559 1703 702 1752 placet
732 1703 983 1744 admodum.

295 1770 361 1810 Fr.
395 1772 465 1819 54,
484 1773 524 1810 6.
552 1770 734 1811 Temere
766 1771 887 1812 Kock
919 1771 1014 1811 ὅταν
1045 1786 1098 1822 τι,
1129 1772 1242 1821 quod
1274 1782 1329 1812 ne
1355 1771 1603 1812 sententiae
1630 1771 1806 1821 quidem
1832 1770 2059 1822 convenit,

353 1849 439 1878 non
484 1839 603 1878 enim
651 1839 794 1879 hercle
840 1840 1026 1880 omnia
1071 1839 1232 1890 publici
1274 1840 1379 1879 iuris
1421 1840 1623 1880 facienda
1667 1840 1792 1888 sunt,
1838 1838 1887 1879 si
1928 1838 2058 1888 quid

353 1916 514 1946 novum
564 1906 748 1957 videtur,
797 1908 872 1947 sed
920 1918 1057 1956 quae
1103 1918 1219 1948 nova
1268 1908 1366 1957 quis
1414 1918 1512 1948 esse
1558 1908 1704 1948 ducat.
1751 1907 1898 1947 Etiam
1943 1906 2058 1957 apud

352 1974 539 2023 AtticoS,
589 1975 847 2024 praesertim
893 1976 1099 2025 serioreS,
1147 1976 1331 2015 subinde
1378 1977 1561 2026 apparet
1599 1975 1734 2015 δοκεῖν
1772 1975 1940 2017 dictum
1980 1984 2059 2025 pro

355 2042 539 2092 νομίζειν,
578 2045 622 2082 et
661 2042 754 2083 fleri
796 2045 942 2093 potest
982 2045 1030 2084 ut
1070 2044 1346 2094 Antiphanes
1381 2044 1432 2084 fr.
1467 2045 1567 2095 253,
1602 2045 1627 2083 2
1659 2043 1886 2094 scripserit
1916 2039 2056 2093 διαφέ-

353 2117 482 2160 ρεκν
514 2109 698 2157 δοκεῖς).

297 2177 361 2216 Fr.
395 2178 464 2226 56,
500 2179 538 2217 4.
573 2178 799 2218 Sententia
828 2179 939 2218 satis
969 2179 1198 2229 perspicua
1228 2189 1315 2220 non
1347 2179 1514 2229 indiget
1544 2179 1698 2220 Kockii
1730 2179 2006 2220 coniecturis.

296 2245 361 2284 Fr.
396 2245 465 2285 57.
499 2245 765 2294 Ganymedis
806 2247 939 2287 verba
980 2257 1077 2287 esse
1118 2248 1224 2287 olim
1264 2248 1433 2298 monui,
1477 2248 1588 2297 quod
1632 2258 1748 2288 nunc
1785 2248 1946 2298 repetit
1975 2246 2056 2298 BL,

353 2313 420 2352 cui
452 2313 638 2353 fortasse
669 2324 756 2354 non
788 2314 946 2355 iniuria
976 2315 1177 2365 displicet
1208 2315 1336 2366 πάνυ,
1365 2315 1442 2356 sed
1472 2315 1599 2366 plura
1624 2317 1788 2366 tentat,
1815 2325 1873 2356 ex
1898 2313 2058 2364 quibus

352 2380 495 2420 solum
527 2381 716 2430 speciem
749 2382 881 2423 habet
912 2382 1069 2429 (deleto
1099 2382 1157 2430 τὸ)
1190 2381 1329 2435 νέκταρ
1361 2381 1486 2423 ἐσθίω
1517 2381 1665 2436 γλυκὺς
1693 2383 1747 2424 ad
1774 2383 1908 2424 verba
1931 2379 2057 2422 ἐσθίω

353 2447 507 2496 μάττων
539 2449 612 2489 eft.
649 2449 743 2489 Pac.
783 2451 847 2490 14.

296 2515 359 2555 Fr.
394 2516 464 2565 58,
492 2517 532 2556 3.
566 2516 720 2557 Nescio
752 2528 807 2557 an
841 2519 1002 2559 rectius
1034 2519 1097 2559 Bl.
1126 2519 1290 2560 scribat
1321 2516 1552 2559 διασκεδᾱτέ
1581 2527 1718 2569 <τε>,
1741 2517 1885 2559 deleto
1909 2526 2056 2568 super·

353 2593 488 2623 vacuo
521 2589 614 2633 νῦν,
645 2585 791 2625 durior
822 2587 940 2627 enim
975 2590 1043 2627 est
1069 2587 1222 2628 Kockii
1245 2588 1563 2637 interpretatio.
1590 2587 1652 2628 De
1679 2585 1800 2637 νέφος
1826 2586 1908 2627 hoc
1923 2595 2055 2626 sensu

353 2654 561 2700 usurpato
594 2652 646 2692 cf.
679 2653 778 2694 Eur.
812 2654 939 2705 Hipp.
977 2656 1073 2695 178.

295 2718 361 2757 Fr.
395 2719 464 2767 59,
499 2720 538 2759 2.
573 2720 708 2760 Multa
738 2723 882 2762 tentat
913 2722 992 2772 BL,
1021 2734 1044 2763 e
1071 2723 1232 2773 quibus
1256 2724 1448 2774 speciem
1477 2723 1610 2764 habet
1634 2721 1753 2774 μέρος
1778 2717 1816 2762 εἶ
1839 2720 1890 2762 σὺ
1915 2720 2055 2773 μόνον.

296 2786 361 2825 Fr.
404 2788 472 2835 60,
517 2788 555 2827 2.
600 2788 846 2829 Secundum
889 2790 1093 2831 Photium
1124 2791 1317 2841 genuina
1351 2791 1494 2831 forma
1524 2791 1661 2831 attica
1692 2790 1777 2830 fuit
1805 2788 1954 2843 λάγνης
1985 2789 2055 2837 (cf.

354 2854 503 2894 Bubul.
548 2856 608 2894 111
653 2857 751 2906 230,
795 2867 905 2897 com.
944 2869 1074 2899 anon.
1107 2859 1166 2898 IV
1198 2860 1319 2908 657),
1353 2869 1440 2899 non
1472 2858 1635 2911 λάγνος,
1665 2868 1745 2899 nec
1774 2867 1883 2899 sane
1913 2857 2057 2899 forma

354 2921 563 2962 feminina
602 2923 726 2975 λάγνη
769 2924 943 2965 aliunde
974 2926 1156 2967 affertur
1185 2937 1317 2976 quam
1350 2937 1374 2966 e
1405 2926 1542 2967 schol.
1575 2927 1655 2976 Ap.
1687 2925 1825 2966 Rhod.
1858 2925 1921 2965 111
1952 2925 2054 2966 451.

355 2988 447 3027 Vid.
491 2988 590 3029 Lob.
637 2991 795 3040 Phryn.
844 2993 940 3033 184.
982 2994 1217 3044 Propterea
1258 2995 1321 3035 Bl.
1363 2995 1603 3035 coniecisse
1644 2994 1817 3034 videtur
1855 2993 2055 3046 λάγνου

352 3057 558 3106 γυναικός,
584 3059 686 3106 quia
712 3062 861 3100 tamen
892 3061 1023 3111 vulgo
1047 3061 1195 3113 λάχνης
1222 3062 1391 3114 (λάχνος)
1417 3062 1470 3102 de
1498 3062 1621 3111 viris,
1651 3061 1796 3113 μάχλος
1823 3061 1876 3102 de
1902 3060 2054 3114 mulie:

352 3124 471 3163 ribus
514 3126 815 3177 usurpabatur,
859 3127 950 3168 fleri
991 3132 1135 3179 potest
1175 3132 1225 3170 ut
1256 3130 1402 3180 potius
1433 3128 1737 3179 corrigendum
1769 3129 1831 3169 sit
1859 3127 2054 3181 μάχλης

352 3190 541 3242 γυναικός
573 3190 689 3241 ἐστιν,
719 3193 793 3233 οὐκ
824 3193 973 3246 ἀνδρὸς
1004 3196 1105 3237 τόδε.

294 3256 360 3297 Fr.
393 3259 464 3298 64.
496 3256 586 3306 ἄξια
618 3270 694 3309 pro
724 3259 857 3312 ἄξιον,
887 3266 936 3303 ut
966 3264 1078 3314 apud
1113 3265 1418 3316 Aristotelem,
1453 3267 1570 3306 recte
1602 3264 1799 3315 postulat
1830 3263 1893 3304 Bl.
