2216 3522
1075 209 1156 247 137

297 328 378 368 VII
410 330 450 369 7.
483 328 566 368 Sed
597 332 895 379 πτερυγοῦσθαι
925 332 989 370 sic
1026 331 1209 371 adhibiti
1241 332 1394 371 deesse
1424 332 1597 371 videtur
1623 330 1889 379 exemplum,
1916 339 1995 369 nec

296 405 403 435 sane
414 406 547 444 urgeo
565 395 840 436 audaciorem
858 399 1167 438 coniecturam.
1182 398 1242 438 Cf.
1256 400 1405 438 tamen
1422 399 1662 450 πτερυγίζειν
1681 398 1751 436 Ar.
1765 398 1845 435 Av.
1865 397 1994 444 1466;

297 462 410 503 Plut.
444 463 544 504 575.
580 460 726 501 -VS.
760 465 800 502 4.
833 460 932 518 κᾷτα
963 464 1192 514 κατακόψας
1225 468 1269 505 et
1300 467 1355 511 (5)
1390 464 1627 516 Ἀθηναίους
1659 464 1846 514 praefert
1871 464 1935 502 Bl.

237 601 542 647 Mnesimaehi
572 606 624 646 fr.
658 608 697 658 2,
733 608 772 647 2.
805 607 869 646 Bl.
903 616 979 656 pro
1011 605 1146 644 δίκαια
1177 606 1360 654 requirit
1388 606 1613 655 epitheton
1640 603 1760 643 λεπτὰ
1787 605 1864 643 aut
1890 604 1996 653 σοφά

293 670 559 720 significans
601 676 660 714 At
699 676 904 714 neutrum
947 673 1152 713 convenit
1181 674 1324 723 tardo,
1369 674 1418 713 ut
1449 672 1794 713 Atheniensibus
1825 670 1994 711 videba-

293 739 376 786 tur,
411 739 675 781 Boeotorum
707 742 894 791 ingenio.
927 741 1026 790 Ipse
1057 741 1277 789 quondam
1308 740 1532 790 proposui:

413 802 523 864 ὀλίγα
553 805 626 857 μὲν
656 811 788 848 λαλῶν
823 830 877 837 -
906 809 949 846 Β.
997 807 1133 846 δίκαια
1164 809 1321 846 ταῦτα]
1349 810 1396 846 A.
1428 805 1554 846 πολλὰ
1586 802 1621 845 δ’
1658 804 1817 845 ἐσθίων.

235 871 303 911 Fr.
335 873 375 912 3.
586 872 665 914 ἀλλ’
700 874 895 928 ἀντιβολῶ
927 871 978 926 σ’,
1009 872 1184 914 ἐπίταττέ
1216 889 1284 925 μοι
1316 873 1369 926 μὴ
1401 870 1508 914 πόλλ’
1545 871 1647 926 ἄγαν

590 939 685 994 μηδ’
720 941 874 996 ἄγρια
905 941 996 982 λίαν
1028 938 1124 993 μηδ’
1162 940 1493 994 ἐπηργυρωμένα,

590 1008 726 1062 μέτρια
758 1008 802 1050 δέ
832 1006 862 1062 γ’
899 1007 953 1056 ὡς
984 1008 1084 1065 θείῳ
1117 1014 1298 1048 σεαυτοῦ.

293 1073 380 1113 Sub
407 1077 608 1125 corrupto
640 1075 758 1129 ἄγρια
788 1088 876 1117 non
908 1075 1074 1116 ἄτοπα
1117 1077 1195 1123 (sic
1222 1077 1301 1123 Bl.)
1334 1077 1471 1117 latere
1497 1076 1670 1116 videtur
1695 1076 1770 1116 sed
1802 1073 1995 1126 ἄπορα,

294 1141 572 1183 difficilia
613 1145 676 1184 ad
717 1145 1053 1195 parandum,
1097 1144 1211 1193 quod
1252 1147 1333 1190 τοῖς
1375 1143 1623 1195 εὐπορίστοις
1663 1143 1841 1192 opponit
1871 1141 1994 1182 Plato

293 1209 398 1259 Rep.
431 1209 474 1250 II
505 1221 546 1260 p.
582 1212 668 1252 378
686 1213 738 1253 A.

234 1276 303 1316 Fr.
336 1278 376 1327 4,
414 1280 450 1317 1.
484 1278 597 1328 Lege
629 1278 985 1331 κυπαριττορόφων
1013 1288 1113 1318 cum
1144 1278 1209 1318 Bl.
1243 1280 1287 1318 et
1319 1273 1362 1317 οἷ
1388 1288 1453 1317 vs.
1486 1279 1527 1317 4.
1548 1300 1600 1306 —
1629 1277 1703 1317 VS.
1734 1278 1801 1316 12.
1834 1274 1996 1327 ἤρτυται

294 1344 435 1384 multo
469 1346 733 1394 probabilius
764 1347 960 1387 Meineke
1008 1356 1139 1394 quam
1176 1344 1330 1396 ἥψηται
1358 1345 1423 1384 Bl.
1456 1367 1514 1372 —
1545 1345 1618 1384 Vs.
1653 1345 1721 1383 20.
1755 1344 1836 1383 Hic
1868 1342 1995 1382 Add.

293 1422 334 1461 p.
367 1412 453 1452 338
487 1414 752 1453 coniecturis
784 1414 902 1453 addit
933 1411 980 1452 τὰ
1010 1412 1114 1451 κάτω
1142 1408 1244 1451 ’στιν
1270 1410 1373 1463 ἅνω,
1404 1412 1545 1452 citans
1577 1412 1754 1460 Antiph.
1788 1411 1852 1450 ΙΙΙ
1887 1410 1992 1457 14o;

294 1478 477 1520 Philem.
519 1480 578 1519 IV
611 1481 688 1530 333
737 1482 895 1531 Adesp.
949 1481 1048 1531 583,
1091 1481 1275 1530 probata
1314 1480 1448 1529 igitur
1489 1475 1556 1532 (ut
1596 1479 1781 1523 videtur)
1813 1476 1997 1516 Iacobsii

231 1559 233 1561 ·
285 1546 483 1604 ‘lectione
514 1547 682 1595 πάντως.
724 1548 828 1588 Mihi
855 1548 1072 1588 satisfacit
1103 1548 1288 1588 Dobraei
1320 1547 1543 1587 correctio.
1579 1568 1631 1574 —
1663 1545 1738 1585 Vs.
1771 1545 1840 1584 23.
1874 1544 1996 1583 Idem

294 1617 472 1655 revocat
503 1611 625 1668 δεῦρ’,
654 1616 693 1656 εἴ
717 1630 812 1663 πως.
843 1616 1014 1656 Dubito.
1047 1638 1097 1644 -
1117 1616 1191 1655 VS.
1221 1616 1289 1654 38.
1322 1614 1464 1654 Verba
1494 1613 1633 1664 φυκίς,
1662 1612 1836 1665 βρίγκος,
1863 1610 1996 1663 τρίγλη

294 1684 522 1722 recurrunt
563 1684 675 1733 apud
718 1684 963 1733 Ephippum
1010 1683 1073 1722 ΙΙΙ
1121 1683 1207 1722 330
1255 1683 1288 1726 (Ι
1326 1683 1368 1727 3)
1414 1682 1489 1731 Μ.,
1530 1681 1683 1733 τρίγλη,
1723 1679 1842 1730 φυκίς
1884 1679 1997 1728 apud

295 1749 474 1798 Antiph.
507 1751 571 1789 III
598 1751 652 1790 72
686 1751 719 1797 (Ι
752 1752 805 1797 3).
839 1751 922 1791 Pro
953 1751 1147 1800 Ephippo
1179 1750 1207 1789 l.
1234 1750 1262 1789 1.
1295 1749 1359 1789 Bl.
1394 1759 1538 1788 errore
1569 1748 1677 1788 citat
1707 1747 1822 1786 hunc
1853 1747 1997 1795 ipsum

295 1816 583 1858 Mnesimachi
632 1818 791 1858 locum.
836 1841 883 1845 —
931 1817 1005 1857 Vs.
1049 1818 1119 1856 40.
1166 1816 1331 1868 φλεβίας
1376 1815 1440 1855 Bl.
1489 1815 1573 1869 Cur
1619 1814 1813 1863 quaeso?
1858 1812 1999 1852 Verba

295 1883 445 1935 σπάρος
479 1907 532 1913 -
565 1888 719 1940 θρᾷττα
759 1887 990 1925 recurrunt
1029 1885 1142 1934 apud
1173 1884 1353 1934 Ephipp.
1390 1884 1456 1932 12,
1491 1884 1537 1931 53
1571 1881 1719 1933 σπάρος
1748 1880 1899 1926 αἰολίας
1931 1889 1996 1928 ap.

294 1951 404 1992 Plat.
434 1953 476 1991 II
500 1954 600 1993 672.
621 1975 674 1982 —
692 1953 767 1993 Vs.
786 1954 855 1993 52.
889 1952 1038 2003 μάττει,
1064 1950 1201 1991 πέττει.
1234 1952 1376 1992 Verba
1406 1952 1556 1990 iuncta
1587 1950 1721 1989 etiam
1749 1959 1775 1988 a
1798 1948 1995 1987 Pherecr.

294 2019 336 2074 H.
368 2020 453 2059 345
486 2022 531 2060 et
562 2020 784 2070 Aristoph.
819 2017 901 2060 271
947 2020 1054 2066 (BL).
1079 2042 1128 2048 —
1147 2019 1221 2059 Vs.
1240 2020 1310 2059 57.
1339 2021 1461 2057 νεῖται
1486 2027 1670 2057 servans
1696 2019 1793 2065 (quo
1819 2015 1996 2059 sensu?)

294 2085 359 2126 Bl.
405 2087 521 2127 delet
563 2091 736 2137 πνεῖται,
776 2088 890 2137 quod
932 2090 1028 2126 πνεῖ
1062 2087 1338 2127 scribendum
1371 2086 1515 2125 fuerit.
1547 2085 1629 2124 Sed
1660 2085 1782 2123 totus
1812 2092 1876 2122 vs.
1911 2092 1996 2121 cor-

293 2155 450 2202 ruptus
495 2154 681 2205 videtur,
730 2165 836 2194 nam
886 2156 1146 2204 expectatur
1191 2156 1389 2204 μολπᾶς
1435 2150 1585 2204 κλαγγὰ
1631 2153 1674 2191 et
1718 2149 1878 2201 θράττει
1922 2149 1999 2188 vix

295 2222 447 2269 aptum
490 2217 577 2275 est,
619 2220 770 2273 κλαγγὰ
811 2223 960 2261 autem
1004 2221 1164 2260 melius
1206 2223 1379 2270 πνεῖται,
1418 2219 1579 2268 opinor,
1627 2228 1759 2266 quam
1805 2219 1906 2255 πνεῖ.
1943 2238 1996 2244 -

295 2286 369 2326 Vs.
404 2287 473 2327 58.
506 2288 588 2328 Pro
615 2288 767 2339 κούραν
793 2288 915 2328 Koek
939 2285 1070 2339 αὔραν
1097 2287 1299 2336 coniecit,
1328 2287 1392 2328 Bl.
1419 2285 1567 2336 αὐρῶν.
1599 2285 1808 2333 Equidem
1825 2285 1998 2334 propter

295 2354 451 2394 horum
494 2365 702 2395 versuum
743 2355 978 2405 dorismos,
1031 2354 1189 2403 quibus
1234 2364 1357 2393 more
1403 2353 1722 2401 Aristophaneo
1768 2351 2001 2390 irridentur

295 2422 448 2470 poetae
479 2419 807 2472 dithyrambici,
842 2422 1024 2471 legerim
1062 2431 1161 2461 cum
1193 2421 1438 2460 mutatione
1469 2419 1726 2469 perexigua:

715 2489 919 2542 καύρᾶν
950 2488 1091 2536 κασίας

711 2554 791 2596 ἀπὸ
821 2562 894 2610 γᾶς
925 2554 1039 2608 ἁγίας
1071 2553 1184 2602 ἁλίας
1215 2554 1370 2607 Συρίας

714 2620 817 2674 ὀσμὴ
850 2621 974 2673 σεμνὴ
1007 2627 1188 2674 μυκτῆρα
1221 2621 1337 2661 δονεῖ
1362 2619 1437 2660 κτὲ.
1472 2643 1525 2650 -

238 2687 311 2728 Vs.
340 2689 410 2728 63.
437 2688 606 2739 μίνθης,
630 2690 802 2731 collatis
828 2690 1119 2740 Theophrasti
1146 2689 1272 2739 locis,
1301 2688 1482 2737 requirit
1503 2687 1567 2727 Bl.
1589 2709 1640 2716 —
1660 2687 1733 2727 Vs.
1753 2687 1823 2726 65.
1849 2686 1997 2725 Malim

297 2754 457 2794 πάντων
498 2753 666 2808 ἀγαθῶν
708 2757 951 2808 διάμεστος,
991 2757 1091 2806 quia
1133 2754 1389 2806 ἀνάμεστος,
1420 2757 1469 2794 ut
1500 2753 1705 2801 ἀνάπλεως
1737 2755 1781 2793 et
1827 2751 1998 2803 ἀναπιμ-

298 2821 463 2872 πλάται,
493 2823 608 2863 sicut
639 2823 824 2865 latinum
865 2825 1110 2875 opplere,
1145 2824 1197 2863 de
1230 2823 1428 2863 sordibus
1460 2824 1504 2862 et
1535 2822 1749 2862 translate
1780 2821 1832 2860 de
1869 2822 1999 2861 malis

298 2890 499 2939 usurpari
529 2890 738 2931 assolent.

241 2956 308 2996 Fr.
342 2956 381 3006 7,
419 2957 455 2997 1.
492 2951 615 2996 οἶσθά
650 2971 770 3011 <γε>
807 2959 870 2999 Bl.
900 2981 953 2986 -
987 2958 1060 2998 VS.
1091 2959 1131 2999 3.
1159 2957 1270 3009 οἵπερ
1304 2957 1399 3008 ξίφη
1427 2967 1520 3006 ego.
1544 2978 1592 2983 —-
1613 2956 1687 2996 VS.
1721 2957 1788 2996 10.
1822 2955 1998 2996 Correxi

297 3023 596 3074 καταπᾶλταισι,
635 3025 743 3065 nihil
782 3027 930 3065 autem
973 3035 1081 3075 opus
1125 3026 1194 3065 est
1234 3024 1387 3064 Kockii
1427 3024 1676 3064 coniectura
1707 3020 1750 3062 δὲ
1781 3024 1999 3073 στεφανού-

298 3093 422 3141 μεθα,
461 3100 565 3131 nam
606 3089 915 3143 ἐστεφανώμεθα
942 3108 997 3124 =
1026 3091 1162 3143 ἔχομεν
1195 3091 1437 3141 στεφάνους,
1478 3093 1528 3131 ut
1559 3091 1780 3141 praecedit
1809 3091 1999 3142 θώρακας

297 3156 863 3211 ἔχομενι-τεθωρακίσμεθα,
897 3160 947 3199 In
979 3160 1166 3200 eundem
1199 3169 1390 3200 errorem
1422 3156 1575 3200 incidit
1606 3158 1806 3208 Blaydes-

241 3226 308 3265 Fr.
341 3225 381 3276 9,
415 3227 454 3265 9.
487 3225 580 3265 Nisi
611 3225 879 3278 σπανιώτερον
918 3229 986 3267 est
1017 3226 1258 3276 glossema,
1293 3226 1405 3275 quod
1438 3225 1649 3275 hodieque
1683 3226 1828 3276 credo,
1863 3226 1997 3275 requi-
