2216 3522
1070 220 1126 259 29

273 345 383 385 Male
424 345 540 385 idem
580 345 632 384 de
663 339 776 383 εἶπον
808 344 1036 393 cogitavit,
1071 343 1215 392 qualis
1246 343 1554 392 imperativus,
1589 341 1781 390 antiquis
1814 336 1974 381 Atticis

272 412 471 462 ignotus,
504 411 822 452 recentioribus
854 414 922 451 est
954 411 1280 460 relinquendus.

216 480 421 533 Fr22'52.
457 478 663 531 ἐγκανάξει
703 479 884 528 requirit
925 479 989 519 Bl.
1031 478 1127 518 coll.
1171 480 1243 518 Ar.
1277 478 1351 526 Eq.
1388 479 1484 527 105,
1518 477 1617 516 Eur.
1650 476 1767 525 Cycl.
1802 476 1904 524 152;
1937 477 1975 515 si

272 549 408 598 recte,
451 548 567 587 hunc
596 547 742 587 locum
773 546 889 586 male
918 547 1026 596 legit
1057 547 1213 586 Pollux
1245 546 1395 585 eiusve
1430 547 1582 585 auctor
1617 546 1662 584 et
1695 544 1811 584 male
1846 544 1974 583 inter-

275 617 473 666 pretatus
504 617 586 655 est.
619 614 681 655 Cf.
713 615 850 654 schol.
884 615 958 663 Eq.
997 615 1095 654 105.

214 683 284 724 Fr.
317 684 417 723 276.
462 683 612 732 „Ipsos
651 684 922 732 spectatores
963 682 1032 728 (cf.
1065 682 1116 721 fr.
1153 682 1252 726 286)
1291 681 1527 729 alloquitur
1557 679 1734 728 Eupolis
1765 679 1975 728 singulos-

220 782 223 784 .
274 761 358 800 que
401 751 597 790 oratione
637 751 857 789 concitata
897 759 1155 789 enumerare
1197 750 1378 788 conatur
1408 747 1604 787 ridiculis
1634 748 1809 787 indiciis
1839 748 1979 798 lepide

275 818 519 868 descriptis.
560 818 727 858 Similis
765 818 887 858 locus
921 817 1051 867 Vesp.
1088 817 1275 857 75—85.
1310 816 1372 856 Cf.
1403 816 1538 856 etiam
1573 815 1807 864 Phrynichi
1836 815 1888 855 fr.
1922 816 1978 855 20

275 887 371 935 sq,'’
418 886 466 926 O.
509 885 709 935 Orusius,
752 886 825 934 qui
865 884 934 924 τὸν
975 883 1182 935 φαλακρὸν
1228 895 1292 924 vs.
1336 886 1361 923 5
1404 883 1746 932 Aristophanem
1781 884 1979 933 spectare

275 955 415 1004 putat.
450 976 503 981 —
537 954 610 992 Vs.
643 954 669 992 2
702 955 889 1002 temere,
924 952 1065 992 deleto
1098 950 1221 998 ἐστιν,
1250 952 1314 991 Bl.
1347 951 1481 990 infert
1511 945 1628 997 οὗτος
1659 952 1761 990 ante
1790 948 1979 1001 τέταρτος.

217 1022 286 1062 Fr.
320 1022 420 1061 278.
453 1019 643 1070 ἀποκερεῖ
670 1030 747 1069 pro
779 1022 988 1069 κατακερεῖ
1014 1019 1170 1058 malim
1201 1029 1301 1058 cum
1333 1018 1398 1057 Bl.

217 1090 286 1130 Fr.
320 1090 419 1129 283.
451 1089 517 1128 Bl.
550 1089 623 1128 cft.
655 1089 855 1127 Pherecr.
889 1087 931 1126 II
963 1087 1049 1126 300
1078 1088 1124 1126 et
1155 1087 1259 1126 Hes.
1286 1096 1322 1125 s,
1346 1097 1381 1125 v.
1409 1084 1662 1136 κατάχυτλον·
1695 1084 1980 1135 βαλανευτικὸν

277 1156 463 1205 σκάφιον.

218 1225 288 1265 Fr.
320 1224 420 1263 284.
470 1224 582 1272 Apte
629 1222 747 1261 idem
794 1221 868 1261 eft.
917 1221 992 1260 Ar.
1032 1221 1131 1260 Pac.
1177 1221 1263 1260 790
1311 1219 1531 1270 σφυράδων
1573 1218 1866 1269 ἀποκνίσματα,
1906 1220 1980 1259 uni

278 1301 491 1342 personae
536 1291 682 1329 totum
732 1300 909 1328 versum
956 1289 1204 1338 assignans.
1252 1288 1339 1328 Nec
1384 1298 1492 1327 sane
1533 1288 1658 1327 video
1699 1299 1775 1328 cur
1814 1288 1981 1328 duabus

278 1349 388 1409 opus
419 1359 492 1398 sit.

218 1427 287 1467 Fr.
321 1427 421 1466 290.
464 1425 546 1465 Gft.
590 1425 655 1464 Bl.
688 1425 762 1473 Eq.
798 1425 852 1464 75
897 1422 1023 1478 ἐφορᾷ
1067 1422 1141 1475 γὰρ
1184 1422 1303 1469 αὐτὸς
1333 1419 1444 1461 πάντ’
1491 1423 1687 1471 (Cleon.);
1717 1422 1867 1462 Nauck
1899 1423 1978 1462 Me-

278 1494 408 1534 nand.
441 1493 569 1532 Rhet.
602 1493 643 1542 9,
677 1504 717 1542 p.
752 1493 851 1541 239,
886 1493 912 1530 4
944 1489 1137 1540 ἆθεάμων
1168 1490 1358 1542 ὑπάρχων
1377 1513 1430 1519 -
1449 1490 1597 1536 πόλεως
1629 1488 1680 1540 ἣν
1712 1491 1840 1541 μόνην
1871 1493 1981 1528 καλ-

279 1562 391 1600 λίστ
405 1575 459 1611 ην
491 1560 647 1598 πόλεων
679 1559 789 1608 (μίαν
810 1564 1022 1597 -πασῶν
1054 1559 1164 1598 coni.
1197 1558 1319 1604 ch.)
1353 1555 1374 1596 ὁ
1405 1557 1515 1608 ἥλιος
1550 1556 1723 1612 ἐφορᾷ.

222 1630 291 1670 Fr.
326 1629 427 1668 293.
459 1627 592 1678 μάλα
620 1623 728 1677 λάβρ’
764 1626 953 1666 fortasse
985 1628 1104 1665 recte
1134 1625 1199 1664 Bl.

221 1697 290 1736 Fr.
323 1697 423 1735 294.
459 1695 606 1745 „Idem
638 1694 850 1733 barbarus
883 1694 1056 1733 videtur
1086 1693 1208 1742 loqui
1236 1703 1287 1732 ac
1318 1693 1362 1732 in
1393 1693 1445 1732 fr.
1480 1693 1609 1731 294”.
1642 1692 1706 1731 Bl.

222 1765 291 1804 Fr.
326 1764 426 1814 304,
463 1765 501 1803 1.
543 1761 833 1812 περιήλθομεν,
874 1761 1016 1801 deleto
1057 1760 1129 1811 εἰς,
1163 1761 1227 1800 Bl.
1271 1761 1356 1800 Sed
1388 1760 1542 1800 eodem
1574 1760 1667 1800 iure
1697 1760 1767 1799 hic
1797 1759 1852 1806 εἰς
1884 1761 1982 1800 addi

281 1832 425 1882 potuit
465 1841 515 1870 ac
553 1840 659 1870 mox
693 1830 747 1876 (2)
785 1828 904 1868 εὐθύ.
947 1828 1302 1877 Breviloquentia
1333 1829 1507 1867 videtur
1538 1838 1614 1877 pro
1646 1831 1867 1878 περιῆλθον
1899 1828 1984 1878 ἰών,

281 1899 369 1939 nisi
413 1899 525 1938 forte
571 1898 654 1937 hoc
700 1897 978 1947 participium
1020 1896 1105 1935 fuit
1147 1897 1189 1935 in
1234 1906 1363 1935 versu
1404 1905 1674 1945 praegreSSO.
1717 1895 1857 1935 Causa
1887 1906 1982 1935 con-

278 1968 473 2007 iecturae
516 1965 657 2014 Anglo
698 1965 836 2004 fuisse
878 1964 1049 2003 videtur
1089 1964 1258 2003 incerta
1299 1963 1465 2011 opinio,
1505 1962 1651 2002 simile
1682 1963 1734 2002 fr.
1770 1964 1850 2002 187
1884 1964 1984 2004 huic

279 2035 392 2084 loco,
426 2036 477 2073 ut
507 2043 570 2072 vs.
604 2034 631 2072 4
663 2031 842 2082 efficiat,
877 2031 1124 2072 addendum
1152 2041 1269 2080 esse,
1298 2031 1366 2070 cui
1391 2031 1635 2069 sententiae
1661 2041 1814 2079 parum
1837 2031 1984 2071 favere

283 2102 394 2141 mihi
426 2101 598 2140 videtur
629 2100 812 2139 verbum
844 2099 1115 2149 περιήλθομεν
1146 2099 1260 2138 satis
1291 2099 1431 2138 otiose
1460 2098 1709 2146 repetitum.

223 2170 293 2209 Fr.
335 2170 435 2218 305,
480 2168 520 2207 2.
567 2168 787 2216 Blaydesii
834 2167 1191 2216 supplementum
1238 2163 1462 2215 ἁλεκτρυὼν
1514 2167 1663 2213 aperte
1704 2167 1825 2204 vetat
1865 2177 1982 2215 prae·

285 2246 438 2286 gressa
483 2244 569 2274 sec.
611 2244 724 2283 pers.
767 2233 934 2284 οἰμώξει.
976 2233 1130 2272 Melius
1171 2233 1287 2272 idem
1331 2233 1493 2282 partim
1537 2242 1636 2271 cum
1674 2233 1885 2273 Meinekio
1927 2233 1985 2272 δτι

285 2301 488 2352 ἕξανίστης
527 2298 746 2350 ὠμόυπνον
787 2296 833 2339 ἔτ’
878 2298 974 2339 ὄντα
1014 2314 1070 2350 με.
1109 2301 1206 2348 Ipse
1238 2300 1453 2348 quondam
1488 2301 1608 2339 suasi
1640 2298 1724 2350 ὁτιή
1755 2296 1791 2350 μ’
1826 2299 1985 2353 ἀνίστης

285 2367 503 2420 ὠμόυπνον
534 2366 670 2423 ὄρθρῳ
702 2369 833 2419 βαθεῖ.
867 2368 950 2407 Sed
982 2368 1151 2407 incerta
1182 2369 1286 2406 sunt
1316 2367 1477 2406 omnia.

228 2437 297 2477 Fr.
325 2437 425 2476 307.
457 2434 612 2476 <πόλιν
637 2449 681 2487 γε
711 2441 889 2474 πασῶν
916 2434 1040 2475 οἴδε>
1061 2437 1103 2472 θ.
1122 2434 1184 2473 Bl.
1204 2434 1516 2483 Supplemento
1534 2440 1672 2472 πασῶν
1689 2435 1809 2474 favet
1826 2436 1986 2475 allatus

287 2514 313 2543 a
354 2503 566 2544 Meinekio
603 2502 726 2542 locus
769 2502 1030 2549 [Demosth.]
1070 2501 1205 2550 Epist.
1239 2503 1279 2550 4,
1317 2502 1393 2549 19;
1437 2512 1513 2550 pro
1551 2501 1634 2540 οἵδε
1665 2502 1820 2541 malim
1850 2502 1987 2561 τήνδε,

288 2571 385 2611 coll.
418 2570 577 2610 Aesch.
611 2570 738 2609 Eum.
772 2570 872 2609 831.

230 2639 298 2679 Fr.
334 2639 433 2678 309.
467 2636 616 2677 Nauck
648 2636 745 2677 Mel.
778 2636 837 2675 VI
868 2647 908 2685 p.
941 2637 1028 2675 419

614 2702 826 2754 συνέτυχεν
858 2702 999 2750 ἐξιόντι
1032 2717 1098 2751 μοι
1136 2707 1244 2751 <τῆς
1276 2701 1441 2748 ululae>
1478 2701 1553 2741 κτὲ.

287 2772 383 2813 coll.
415 2772 578 2812 Ioanne
609 2770 761 2819 Chrys.
794 2770 857 2810 XI
887 2781 927 2819 p.
962 2771 1017 2809 94
1051 2770 1082 2808 F
1116 2769 1264 2808 Montf.
1309 2771 1353 2808 et
1384 2770 1436 2809 de
1469 2770 1612 2809 verbis
1642 2768 1858 2822 ἄνθρωπος
1888 2771 1986 2812 ἀπο·

287 2838 392 2890 φρὰς
425 2839 634 2878 Suetonio
666 2848 733 2887 ap.
767 2837 1000 2877 Millerum.

231 2907 300 2947 Fr.
335 2907 435 2947 310.
1179 2901 1245 2942 καὶ
1276 2901 1436 2954 λέγουσι’
1465 2916 1507 2954 γε

599 2971 646 3012 τὰ
672 2971 854 3023 μειράκια
886 2970 1252 3023 προιστάμενα
1283 2974 1363 3017 τοῖς
1395 2969 1598 3021 ἀνδράσιν.

290 3042 471 3081 Frustra
501 3033 697 3080 Meineke
729 3041 774 3079 et
805 3039 925 3079 Kock
955 3037 1248 3088 προσιστάμενα
1281 3040 1325 3078 et
1359 3038 1641 3087 παριστάμενα.
1673 3039 1826 3078 Procul
1859 3040 1987 3079 dubio

289 3107 591 3157 significantur
637 3109 833 3147 oratores
879 3106 1190 3145 adolescentuli
1241 3107 1472 3154 surgentes
1517 3105 1570 3144 ad
1616 3105 1845 3145 dicendum
1886 3109 1987 3146 ante

291 3175 422 3215 viros.
455 3174 705 3223 Legendum
738 3173 971 3222 aliquando
1002 3173 1225 3222 proposui:

855 3234 1268 3291 προανιστάμεν’
1304 3237 1346 3277 ἐν
1378 3241 1457 3285 τοῖς
1486 3236 1691 3289 ἀνδράσιν.
