2216 3522
1051 223 1106 267 65

197 352 268 395 Fr.
299 354 341 394 2.
382 351 593 406 <ἄρ>των
625 351 668 393 δὲ
697 352 773 393 κτὲ.
804 354 1030 403 ingeniose
1061 356 1107 394 et
1136 364 1239 394 vere
1272 355 1356 404 Bl.,
1390 355 1487 395 coll.
1519 355 1713 404 Philyllii
1743 354 1794 395 fr.
1827 355 1868 395 4.

197 423 267 462 Fr.
300 424 341 463 6.
374 421 887 474 Διονυσιοκουρομυρώνην
918 422 1001 471 BL,
1047 432 1155 461 usus
1187 422 1388 462 Meinekii
1421 423 1532 463 coni.
1565 425 1960 474 Διονυσιοκουρομυ-

256 495 398 544 ρῳνῷν.
441 501 521 540 pro
566 492 964 542 Διονυσοκουρωνῶν
1011 490 1057 528 in
1104 489 1270 530 Cratini
1310 490 1362 530 fr.
1396 491 1441 539 3,
1490 493 1568 531 aut
1622 492 1959 542 Διονυσιοκουρο-

257 557 464 610 πυρῶνην,
503 560 581 598 aut
619 557 839 609 ·πόνηρον,
879 542 976 597 ⁴coll.
1018 557 1070 596 fr.
1105 557 1204 607 208,
1234 558 1259 596 3
1292 568 1356 606 sq.
1399 560 1444 597 et
1479 557 1961 610 Διονυσιοπηγανόδωρος

190 669 199 679 ,
258 626 310 666 A.
328 626 374 666 P.
406 627 449 666 II
480 627 581 666 324.

197 693 267 734 Fr.
303 694 370 733 10.
477 699 575 732 τῶν
606 692 655 734 οὔ
687 693 791 744 μάλα
822 691 976 743 τέθηκα
1008 698 1206 732 κεκυκκᾶν
1237 693 1331 739 (Sic)
1363 691 1553 745 ἐπικρατῆ
1586 694 1691 740 (Sic).

257 760 488 811 Proposuit
518 761 664 801 Kock:

479 827 529 868 οὗ
559 827 665 878 μάλα
696 824 726 879 γ’
766 824 878 878 ἔθηκ’
919 823 1082 868 <dcl-1⁹>
1118 825 1214 867 οὐδὲ
1244 827 1383 867 κίκκον
1411 824 1642 878 Ἐπικράτη.

259 896 383 936 Malit
412 895 477 936 Bl.
508 895 557 935 οὐ
590 895 694 947 μάλα
725 891 874 946 τίθημ’.
907 895 990 935 Sed
1021 896 1170 935 nescio
1202 906 1257 935 an
1290 896 1443 935 eodem
1470 906 1604 935 sensu
1631 897 1801 936 servari
1826 896 1967 945 possit

257 965 523 1015 perfectum,
579 966 704 1004 cuius
760 965 903 1004 forma
956 974 1059 1004 vere
1115 964 1252 1008 attica
1307 964 1379 1003 hic
1423 964 1610 1004 feliciter
1654 966 1833 1004 servata
1879 966 1966 1012 est;

259 1041 394 1081 quare
424 1032 607 1072 malim:
859 1075 861 1077 ,

480 1098 529 1138 οὐ
562 1098 666 1149 μάλα
696 1097 850 1149 τέθηκα
882 1097 1022 1137 κίκκον
1050 1093 1268 1149 Ἐπικράτη
1299 1102 1389 1139 υὲ.

258 1166 436 1217 Syllaba
473 1167 517 1205 ἦ
559 1177 732 1207 merum
774 1166 1127 1215 dittographema
1166 1166 1339 1213 videtur
1379 1166 1603 1213 sequentis
1634 1166 1844 1214 syllabae.
1875 1166 1965 1216 Quo

257 1243 394 1274 sensu
424 1234 639 1274 Headlam
671 1234 874 1274 voculam
905 1239 983 1272 τῶν
1014 1234 1060 1273 in
1089 1232 1159 1272 τὸν
1191 1234 1358 1283 mutet,
1390 1233 1507 1272 haud
1539 1243 1761 1282 assequor.

200 1301 269 1342 Fr.
319 1303 387 1352 11,
438 1303 476 1342 1.
542 1302 749 1342 Numeris
804 1302 1001 1341 offensus
1046 1301 1111 1341 Bl.
1168 1301 1369 1351 proponit
1416 1300 1558 1340 αὐτίκα
1608 1298 1644 1341 δ’
1696 1303 1781 1348 (vel
1827 1299 1966 1354 αὐτίχ’)

257 1368 436 1421 ἥρπασεν
466 1369 611 1422 τεμάχη
647 1369 829 1422 <τρία>.
866 1369 1058 1419 Propter
1099 1370 1331 1418 sequentia
1375 1380 1587 1409 numerus
1633 1380 1721 1409 non
1763 1372 1964 1419 expecta-

257 1438 331 1476 tur
371 1438 559 1478 additus.
594 1460 646 1466 -
685 1438 755 1478 Vs.
789 1438 829 1477 2.
870 1435 1042 1488 κᾶβρυξε
1084 1437 1154 1476 vel
1195 1435 1367 1488 κᾶβρυχε
1408 1437 1546 1487 idem,
1589 1439 1741 1477 contra
1771 1439 1965 1477 metrum

260 1507 510 1554 utrumque.

202 1573 272 1613 Fr.
309 1574 376 1623 13,
412 1575 450 1613 3.
485 1574 522 1612 τί
550 1576 642 1623 (pro
673 1571 714 1625 ἢ)
752 1572 836 1614 <σὺ
866 1571 1051 1625 λέγεις»
1083 1573 1131 1612 Β.
1163 1569 1260 1611 τοῦτ’
1297 1569 1372 1610 κτὲ.
1404 1572 1634 1612 Headlam.
1667 1573 1828 1612 Parum
1854 1574 1964 1612 mihi

260 1641 423 1682 arridet
469 1642 630 1681 iterata
665 1642 877 1689 quaestio.
914 1663 965 1669 —
1000 1641 1076 1680 Vs.
1108 1642 1136 1679 4
1167 1651 1231 1689 sq.
1275 1640 1372 1680 coll.
1406 1640 1510 1680 Hes.
1543 1650 1579 1680 s.
1608 1651 1649 1680 v.
1681 1640 1868 1690 κόφινος,
1898 1641 1963 1681 Bl.

259 1708 374 1750 οἴνου
404 1709 573 1760 κόφινὸς
603 1709 660 1756 τίς
691 1707 770 1748 ἐστι
786 1712 888 1760 τρεῖς
914 1715 1052 1760 χωρῶν
1079 1707 1173 1759 χόας
1200 1707 1206 1758 Ι
1235 1706 1302 1746 καὶ
1326 1711 1407 1754 τοῖς
1434 1707 1637 1757 κοφίνοισι
1663 1707 1787 1747 ταύτὰ
1815 1708 1963 1755 (ταύτὸ)

259 1780 399 1830 χωρεῖν
437 1777 683 1828 δυνάμενος,
723 1787 835 1826 quae
873 1777 983 1816 mihi
1019 1777 1194 1825 quidem
1237 1776 1420 1815 minime
1461 1776 1756 1815 satisfaciunt.
1803 1775 1965 1816 Vereor

196 1885 201 1889 ,
260 1855 317 1885 ne
360 1846 484 1886 locus
529 1846 588 1885 sit
634 1845 908 1884 insanabilis.
955 1845 1080 1894 Apud
1127 1844 1351 1883 Pollucem
1399 1842 1520 1894 ἄμφω
1565 1847 1682 1884 recte
1728 1845 1772 1884 in
1818 1843 1964 1894 ι’ίλφιτα

258 1912 493 1953 refluxisse
524 1913 698 1953 videtur
728 1913 882 1952 Naber.

201 1980 271 2020 Fr.
307 1982 374 2020 14.
407 1982 509 2021 Sine
540 1991 675 2021 causa
707 1981 771 2020 Bl.
804 1981 917 2029 apud
949 1980 1228 2020 Athenaeum
1260 1990 1336 2030 pro
1368 1979 1535 2027 λεπτοὺς
1567 1981 1678 2020 coni.
1711 1980 1894 2027 κοπτούς.

201 2047 270 2088 Fr.
305 2049 372 2088 18.
404 2049 630 2088 Athenaeo
660 2050 778 2088 recte
808 2049 926 2088 idem
956 2049 1153 2087 restituit
1182 2047 1225 2087 τὸ
1260 2044 1409 2087 Φθιῶτ’
1428 2050 1673 2099 Ὰ<χιλλεῦ>
1704 2046 1842 2100 λέγειν.
1870 2048 1951 2088 Cft.

260 2115 476 2156 Headlam
513 2116 630 2155 Suid.
661 2125 697 2156 s.
726 2126 766 2155 v.
798 2115 1006 2167 πυρρίχαις
1037 2117 1082 2155 et
1113 2116 1253 2155 Schol.
1287 2116 1396 2155 Ran.
1433 2117 1529 2165 153,
1562 2116 1636 2155 ubi
1666 2115 1957 2167 σκλη<φ>ρὸς

261 2182 371 2223 bene
401 2184 579 2232 corrigit
607 2193 685 2232 pro
716 2180 897 2233 ὀκνηρός.

203 2249 272 2290 Fr.
304 2251 374 2290 22.
406 2250 641 2300 Gomparat
671 2251 736 2289 Bl.
768 2250 961 2290 similem
993 2249 1160 2290 Cratini
1190 2251 1335 2290 locum
1368 2251 1411 2289 II
1446 2251 1526 2290 127
1560 2251 1614 2291 M.

203 2316 273 2356 Fr.
305 2318 375 2357 28.
409 2318 441 2356 Ε
480 2318 653 2358 fabulae
697 2318 827 2357 titulo
874 2316 1111 2364 Μακεδόνες
1158 2318 1414 2359 Macedones
1460 2318 1665 2369 σφύραινα
1706 2328 1782 2367 pro
1822 2316 1962 2368 κέστρα

261 2384 427 2424 dixisse
456 2385 677 2425 incautius
707 2385 813 2425 olim
845 2385 1017 2434 collegi,
1050 2386 1127 2424 vix
1158 2386 1276 2425 enim
1304 2385 1578 2425 Macedonice
1611 2386 1706 2434 sed,
1741 2387 1788 2425 ut
1818 2386 1963 2435 prodit

264 2461 503 2500 pronomen
548 2450 674 2503 ὔμμες
721 2453 800 2498 (sic
836 2453 955 2492 enim
997 2452 1025 2492 l.
1068 2463 1144 2501 pro
1193 2452 1321 2502 ῧμες),
1376 2453 1551 2492 Aeolice
1592 2453 1731 2492 altera
1778 2463 1963 2502 persona

262 2518 466 2568 loquitur,
499 2520 646 2568 itaque
676 2520 964 2560 Aeolensibus
995 2519 1065 2559 hic
1097 2530 1204 2559 usus
1235 2520 1491 2560 tribuendus
1522 2521 1603 2559 est.
1647 2520 1741 2559 Non
1774 2520 1960 2559 scriben-

262 2586 367 2626 dum
398 2596 495 2626 esse
524 2584 621 2637 ὑμὲς
651 2587 794 2636 prodit
822 2597 1011 2636 sequens
1042 2584 1215 2637 ὡττικοὶ,
1245 2587 1358 2636 quod
1389 2584 1563 2625 τώττικοὶ
1594 2587 1737 2626 dorice
1768 2589 1961 2627 sonaret.

264 2653 326 2693 Cf.
358 2654 625 2703 Antiphanis
654 2654 707 2703 fr.
735 2655 806 2694 95.

205 2721 272 2761 Fr.
306 2722 375 2761 29.
409 2723 638 2762 Assentior
663 2722 845 2770 Kockio,
874 2722 960 2762 nisi
986 2723 1099 2771 quod
1126 2723 1222 2762 sine
1248 2732 1382 2762 causa
1408 2720 1555 2773 συχνὸν
1572 2723 1716 2760 mutat
1732 2722 1776 2760 in
1793 2720 1960 2760 πυκνὸν.

265 2786 506 2846 ρυαθῐεηιρ
537 2790 726 2839 cuipiam
757 2801 814 2830 ex
845 2791 1003 2840 altero,
1037 2800 1091 2829 an
1124 2790 1267 2839 pisces
1299 2790 1457 2829 habeat
1489 2789 1647 2838 elixos,
1688 2789 1758 2828 hic
1788 2799 1959 2838 respon·

262 2857 337 2896 det
364 2867 413 2897 se
444 2857 603 2897 habere
634 2857 856 2897 multos.
889 2857 951 2897 Cf.
985 2858 1249 2907 Antiphanis
1279 2857 1331 2897 fr.
1363 2858 1434 2896 97.

205 2923 274 2963 Fr.
307 2924 378 2974 30,
411 2925 452 2964 3.
484 2924 673 2973 Blaydes
708 2930 928 2966 (ναῦται)
963 2924 1031 2963 τὸν
1064 2924 1183 2963 ἱστόν.

204 2991 274 3031 Fr.
306 2992 375 3031 31.
408 2992 501 3031 Non
540 2995 657 3032 recte
696 2989 795 3043 ἡδέα
834 2992 1092 3032 sollicitavit
1132 2992 1271 3042 Kock,
1314 3002 1425 3041 quae
1467 2992 1602 3030 etiam
1642 2991 1862 3040 Blaydesii
1894 2994 1962 3031 est

263 3060 495 3099 sententia.

205 3125 273 3165 Fr.
305 3126 376 3166 32.
409 3126 567 3166 Forma
602 3126 884 3166 Μακεδόνισσα
924 3128 1037 3167 falsa
1067 3127 1269 3176 analogia
1300 3125 1403 3166 ficta
1433 3127 1487 3166 ad
1520 3126 1772 3175 exemplum
1804 3126 1959 3166 forma-

263 3203 361 3233 rum
422 3193 607 3243 Κίλισσα,
655 3194 869 3244 Φοίνισσα,
913 3196 984 3243 qui
1031 3195 1195 3234 abusus
1235 3194 1368 3234 latius
1413 3203 1585 3242 serpere
1633 3194 1773 3242 coepit
1816 3196 1960 3233 aetate

264 3260 564 3311 Hellenistica,
597 3272 683 3310 qua
713 3261 921 3312 βασίλισσα
952 3262 1176 3310 dicebant,
1214 3260 1449 3311 Ἀντιόχισσα
1481 3260 1651 3308 aliaque
1683 3261 1914 3309 permulta.

1797 3331 1815 3357 ὅ
