2216 3522
1138 209 1194 251 82

684 334 818 386 λύπη
850 334 1044 385 μανίας
1076 331 1281 386 ὁμότοιχος
1312 328 1415 373 εἶναι
1445 345 1512 384 μοι
1544 330 1659 371 δοκεῖ

346 407 391 446 et
421 404 689 445 Philemonis
722 403 771 443 rr.
810 402 907 452 106,
942 403 967 442 2
998 413 1084 452 sq.:

687 470 771 510 διὰ
801 470 973 522 λύπην
1003 468 1070 510 καὶ
1100 470 1262 521 μανία
1293 467 1367 522 γὰρ
1400 467 1744 522 γί<γ>νεται...

270 577 281 588 ,
685 538 832 586 αὐτούς
860 535 886 577 τ’
922 535 1147 593 ἀνῃρήκασι
1178 536 1266 577 διὰ
1298 537 1471 588 λύπην
1501 532 1606 584 τινὲς
1637 532 1714 575 κτέ.

288 610 354 650 Fr.
393 610 488 658 106,
523 611 548 648 4
591 617 764 648 meeum
802 606 848 645 τά
880 620 918 645 τε
948 616 1026 656 pro
1057 604 1124 645 καὶ
1156 606 1241 660 Bl.‚
1273 605 1351 646 sed
1382 605 1427 645 in
1459 615 1523 646 vs.
1556 606 1583 645 6
1615 613 1795 654 prorsus
1826 602 2049 643 incredibi-

344 678 443 717 liter
474 675 677 715 coniecit:
711 672 947 730 μελιλωτίνφ
980 671 1024 713 δέ
1052 670 1081 726 γ’
1120 671 1307 726 ἑκάτερον
1339 671 1546 726 βραχίονα.
1578 671 1714 712 Recte
1744 670 1880 711 Kock.

288 745 355 785 Fr.
393 744 489 784 108.
876 746 973 780 τῶν
1004 740 1236 794 γίγγρων
1267 739 1436 781 αὐλῶν

345 810 585 863 μνημονεύει
619 807 852 859 Ἀντιφάνης
887 806 930 847 ἓν
957 804 1092 863 Ἰατρῷ
1125 811 1170 849 et
1204 806 1447 859 Μένανδρος
1479 805 1521 847 ἐν
1555 805 1722 860 Καρίνῃ.
1766 804 2050 846 Manifestum

344 880 413 919 est
442 877 586 918 solum
619 886 711 916 voc.
744 875 902 928 γίγγρος
934 886 1031 916 esse
1064 876 1222 917 horum
1258 877 1509 927 poetarum,
1543 875 1711 925 reliqua
1741 872 1972 916 Athenaei.

289 948 353 986 Fr.
390 946 486 994 109,
521 945 561 984 2.
594 943 657 983 Bl.
689 940 710 981 ὁ
743 941 787 982 δέ
816 957 859 995 γε
890 946 1015 995 πῆλος
1048 946 1251 996 πάγκαλος
1279 940 1286 997 Ι
1313 942 1472 994 ψυκτήρ
1504 942 1743 993 eleganter.

289 1015 355 1054 Fr.
401 1014 496 1062 112,
544 1014 580 1052 1.
629 1010 692 1051 Bl.
746 1022 783 1060 p.
827 1011 907 1051 107
961 1009 1111 1050 ἀσπίδα
1158 1012 1296 1052 fuisse
1341 1012 1387 1051 in
1437 1011 1519 1052 hoc
1566 1020 1696 1051 versu
1743 1009 1880 1049 fuisse
1925 1007 2054 1059 putat

345 1082 534 1130 (propter
580 1078 761 1118 Aristot.
804 1080 917 1128 poet.
952 1080 1026 1129 21,
1069 1080 1119 1119 ut
1158 1079 1374 1125 arbitror.)
1415 1087 1662 1129 proponens
1704 1071 1767 1116 εἶτ’
1801 1073 1951 1115 ἀσπίδα
1981 1071 2052 1121 δὸς

345 1147 495 1198 φιάλην
527 1144 673 1197 ’Ἄρεως
717 1148 762 1186 et
802 1146 890 1186 alia
925 1146 1142 1197 quaedam
1173 1158 1214 1198 p.
1252 1148 1348 1198 107,
1392 1156 1469 1196 pro
1500 1156 1586 1195 qua
1614 1145 1816 1195 opinione
1848 1142 2052 1193 quodam-

346 1215 476 1255 modo
521 1214 625 1254 facit
666 1214 889 1263 glossema
932 1213 971 1253 τὸ
1004 1213 1145 1263 ὅπλον,
1186 1215 1299 1263 quod
1336 1216 1456 1254 recte
1497 1213 1659 1254 delevit
1689 1211 1913 1263 Koppiers,
1935 1209 2055 1258 (lieet

347 1283 490 1333 potius
523 1281 645 1321 ὅπλον
678 1292 753 1332 per
784 1279 933 1320 ἀσπίδα
964 1293 1097 1331 quam
1129 1282 1307 1323 inversa
1337 1282 1508 1322 ratione
1539 1280 1805 1331 explicatum
1837 1288 1936 1319 esse
1966 1287 2051 1318 cre-

346 1351 504 1400 deres),
547 1349 624 1389 sed
656 1349 944 1390 adversantur
975 1350 1192 1391 Athenaei
1225 1350 1375 1400 verba,
1419 1359 1500 1390 nec
1529 1360 1576 1390 re
1608 1358 1714 1389 vera
1744 1357 1845 1388 eam
1876 1346 2052 1387 demon-

345 1420 459 1458 strat
505 1418 626 1457 locus
670 1417 926 1457 Aristotelis
971 1417 1080 1458 bene
1127 1418 1395 1458 intellectus.
1437 1417 1637 1458 Lenitate
1677 1415 1869 1465 reliquas
1899 1421 2055 1455 omnes

347 1486 620 1526 coniecturas
646 1485 909 1535 Emperiana
941 1485 1078 1526 vincit
1109 1481 1169 1525 εἶτ’
1204 1484 1284 1538 ἤδη
1317 1484 1386 1533 δὸς
1417 1496 1493 1535 pro
1523 1481 1585 1524 m'
1610 1483 1759 1537 ηδηλος
1790 1484 1836 1524 et
1863 1482 2055 1523 fortasse

348 1553 608 1603 recipienda.

292 1623 357 1662 Fr.
405 1623 501 1671 113,
547 1626 586 1662 4.
634 1620 757 1671 μόνος
798 1619 1029 1673 ἀνευρηκὼς
1070 1621 1114 1670 (l.
1147 1619 1412 1674 ἀνηυρηκὼς).
1455 1620 1618 1672 Μόνος,
1658 1622 1709 1662 ut
1747 1629 1896 1670 saepe,
1949 1618 1992 1659 h.
2025 1617 2054 1659 l.

348 1690 567 1740 significat
598 1691 898 1741 praecipue
929 1691 997 1738 (of.
1031 1693 1137 1732 nota
1168 1691 1331 1732 locutio
1358 1689 1481 1742 μόνος
1507 1688 1573 1729 καὶ
1599 1694 1755 1742 πρῶτος
1779 1688 1875 1729 sive
1900 1692 2056 1740 πρῶτος

349 1756 414 1796 καὶ
446 1757 602 1808 μόνος),
633 1769 773 1807 neque
807 1759 941 1808 igitur
971 1759 1104 1809 probo
1129 1759 1287 1799 Naberi
1314 1759 1609 1799 coniecturam
1642 1762 1796 1808 πρῶτος
1824 1752 2056 1807 ἀνευρηκὼς

347 1828 516 1871 (contra
547 1829 770 1873 numeros)
810 1829 887 1867 aut
927 1827 1149 1877 Blaydesii
1186 1833 1340 1879 πρῶτος
1373 1825 1565 1879 εὑρηκὼς.
1598 1848 1639 1854 —
1684 1825 1759 1865 Vs.
1792 1825 1818 1865 5
1851 1822 2066 1873 quamvis.

348 1903 506 1932 sanum
542 1904 612 1933 me
645 1894 759 1934 haud
791 1895 903 1935 satis
933 1895 1190 1945 intellegere
1221 1894 1430 1936 confiteor
1460 1904 1539 1944 ope
1570 1894 1655 1935 loci
1685 1892 1809 1942 Diog.
1836 1891 1882 1932 L.
1914 1890 1953 1930 V
1983 1890 2054 1940 87,

348 1970 478 2009 quem
522 1960 651 2000 affert
697 1961 837 2011 Kock;
886 1962 1038 2012 ignoro
1084 1963 1202 2003 enim
1249 1973 1334 2013 quo
1380 1972 1516 2003 sensu
1557 1959 1858 2012 accipiendum
1903 1958 1965 1999 sit
2008 1955 2056 1997 τὰ

349 2027 557 2076 κεφάλαια.

291 2096 357 2135 Fr.
396 2097 490 2135 115.
525 2096 629 2135 Mihi
661 2097 836 2146 quidem
869 2098 1125 2147 neutiquam
1156 2099 1376 2149 persuasit
1409 2097 1544 2139 Kock.

292 2163 358 2203 Fr.
395 2164 489 2203 117.
523 2161 729 2215 ἐκαυχῶντ’
766 2175 843 2215 pro
876 2162 1039 2216 ἐφύσων
1069 2167 1197 2216 (quod
1230 2177 1390 2207 sanum
1422 2168 1505 2213 est)
1531 2167 1699 2207 temere
1725 2164 1811 2215 Bl.,
1836 2164 1880 2204 et
1897 2163 1950 2204 tr.
1971 2162 2052 2203 121

358 2229 462 2278 <δὸς
495 2232 563 2272 vel
595 2229 699 2270 καὶ)
737 2231 910 2272 στειλεὰν
942 2233 1172 2274 inutiliter.

293 2298 359 2337 Fr.
398 2299 494 2338 122.
972 2299 1015 2340 τὸ
1047 2297 1091 2340 δὲ
1116 2303 1407 2353 τυραννεῖν
1438 2298 1581 2341 ἐστιν

673 2364 700 2418 ἢ
731 2366 768 2406 τί
791 2380 884 2407 ποτε
916 2366 959 2407 τὸ
991 2368 1237 2416 σπουδαῖον;
1269 2366 1513 2409 ἀκολουθεῖν
1544 2366 1656 2419 ἔρις

675 2432 718 2473 ἐν
748 2441 800 2489 τῷ
834 2435 994 2491 Λυκείῳ
1026 2434 1122 2486 μετὰ
1152 2441 1369 2487 σοφιστῶν,
1399 2434 1473 2475 κτὲ.

349 2500 490 2540 Minus
532 2501 677 2551 inique
720 2502 861 2543 iudico
903 2503 956 2543 de
988 2500 1144 2545 Kockii
1177 2505 1431 2544 coniectura
1462 2505 1683 2555 παρανοεῖν
1714 2499 1792 2542 ἐστι
1824 2499 1896 2552 δὴ,
1923 2509 2054 2551 quam

352 2568 433 2618 BL,
488 2569 559 2617 qui
619 2579 724 2609 num
773 2570 890 2610 illius
940 2572 1208 2611 sententiam
1265 2571 1537 2611 intellexerit
1582 2570 1710 2610 valde
1754 2569 1919 2610 dubito.
1966 2567 2059 2619 Qua

349 2636 597 2685 suspicione
639 2638 854 2687 admissa,
890 2640 1037 2679 verte:
1082 2639 1133 2678 id
1169 2649 1299 2680 vero
1331 2639 1458 2689 (quod
1491 2647 1783 2689 aggressurus
1808 2639 1891 2685 est)
1916 2637 2056 2677 insa·

352 2704 441 2742 nia
473 2707 577 2754 est,
612 2707 706 2744 aut
737 2706 867 2754 quid
900 2706 1122 2746 tandem
1155 2707 1330 2747 serii?
1366 2707 1660 2747 Interesse
1692 2705 1852 2755 cupis
1879 2701 2056 2759 (ἔρᾳςΚ.

351 2782 426 2820 pro
458 2770 550 2820 ἴοις)
582 2773 868 2822 sophistis
899 2776 981 2814 etc.
1017 2774 1134 2824 Quae
1165 2774 1395 2824 aptissime
1426 2774 1542 2814 dicta
1572 2773 1681 2814 mihi
1708 2772 1883 2822 quidem
1910 2771 2055 2812 viden-

351 2841 420 2877 tur
452 2842 495 2878 et
528 2839 752 2880 lenissime
785 2844 992 2881 correcta.
1026 2841 1186 2881 Dubito
1217 2843 1369 2882 tamen
1402 2851 1508 2882 num
1540 2842 1658 2881 recte
1688 2850 1737 2880 se
1769 2839 1927 2880 habeat
1957 2839 2058 2879 arti·

352 2905 474 2944 cuius
505 2909 606 2946 ante
638 2907 872 2946 σπουδαῖον.
906 2908 1019 2949 Num
1053 2908 1163 2949 forte
1196 2908 1300 2949 fuit:

868 2973 895 3027 ἢ
926 2981 1028 3023 πῶς
1060 2990 1154 3015 ποτε
1187 2976 1464 3023 amoventem?

355 3039 415 3077 Bl.
459 3038 531 3088 ἐρῶ
575 3045 664 3090 (pro
704 3039 817 3091 ἔρις),
856 3053 942 3091 quo
983 3053 1118 3084 sensu
1163 3053 1234 3083 me
1265 3043 1388 3084 latet.
1424 3065 1477 3072 —
1510 3042 1584 3083 Vs.
1618 3043 1659 3083 4.
1702 3037 1904 3095 λέγονθ’
1939 3039 2058 3082 male

352 3107 437 3146 coit
478 3118 575 3147 eum
619 3119 875 3158 praegresso
917 3117 1139 3161 σοφιστῶν,
1180 3121 1259 3151 nec
1293 3121 1445 3151 verum
1489 3121 1588 3151 esse
1620 3111 1767 3159 potest
1797 3108 1972 3149 κλύειν
2002 3103 2060 3156 θ’,

352 3174 462 3221 quod
503 3186 527 3213 a
569 3178 734 3215 comico
776 3188 979 3219 sermone
1021 3179 1228 3219 alienum.
1269 3178 1425 3229 Quidni
1458 3188 1561 3218 vero
1599 3175 1774 3229 λέγειν
1804 3172 1875 3216 0⁹?
1915 3175 2059 3216 Gestlt

352 3239 700 3281 adolescentulus
743 3244 832 3294 ille,
877 3256 1005 3294 quem
1050 3249 1174 3296 pater
1212 3246 1417 3286 seniorve
1448 3246 1618 3286 amicus
1649 3244 1703 3285 ab
1745 3243 1931 3294 argutiis
1970 3242 2056 3284 dia·
