2216 3522
1129 224 1155 263 8

326 352 456 392 Serae
486 352 653 391 formae
684 354 790 391 sunt
819 351 1059 403 λυχνάπτιον
1090 351 1135 390 et
1165 350 1487 400 λυχναπτεῖσθαι.
1524 347 1619 389 vid.
1657 348 1848 389 Lexioon
1873 357 2025 389 meum

324 419 465 469 suppl.
494 421 539 459 et
568 419 668 459 dial.
701 429 741 468 p.
774 416 873 458 508.

267 487 333 527 Fr.
368 487 466 527 230.
500 487 548 526 In
581 486 734 526 Kockii
766 486 876 525 coni.
909 495 1011 526 cum
1044 484 1108 525 Bl.
1142 484 1296 524 malim
1329 483 1484 534 βροτῶν
1515 484 1592 534 prb
1623 484 1696 535 βρο
1677 488 1792 532 ο“τοις.

267 554 333 594 Fr.
367 555 467 594 233.
500 555 615 594 Ante
647 554 710 593 Bl.
743 553 862 593 suasi
895 550 1003 601 παρὰ
1036 550 1371 596 ναυτοδίκας.

265 622 332 662 Fr.
367 622 465 661 235.
500 620 723 671 ἐλήλυθμεν
754 630 795 660 v.
829 621 856 660 l.
890 623 1008 660 recte
1040 619 1195 670 probat
1226 619 1291 659 Bl.
1326 619 1487 660 Forma
1516 616 1709 677 ἐλήλυμεν
1739 629 1797 660 ex
1827 617 2027 671 ἐληλύθει·

322 707 393 742 μεν
434 702 458 732 e
489 692 632 732 radice
673 678 777 732 eff&-
803 692 925 731 nasci
957 701 1043 731 non
1075 691 1231 741 potuit.
1267 688 1326 731 Cf.
1362 689 1602 739 ἐπέπιθμεν,
1631 689 1802 742 ἔοιγμεν.
2071 737 2074 740 Α

265 761 332 800 Fr.
374 760 474 813 288,
508 760 532 799 2
564 753 663 811 ἦγον
688 770 765 809 pro
788 754 894 811 εἶχον
920 769 1017 808 ego,
1047 758 1260 808 probante
1286 758 1376 807 Bl.;
1408 768 1470 798 vs.
1494 759 1520 799 3
1552 768 1635 808 ego
1661 760 1816 808 postea
1842 753 2026 814 ἡδυλόγφ

320 829 458 879 (-7·oc?)
490 828 612 880 σοφίᾳ
643 833 848 878 φρενῶν
879 827 1109 882 (πορίμῳῗ).
1149 826 1315 866 Ibidem
1350 828 1661 875 περιττοκαλλεῖς
1696 825 1776 876 Bl.,
1819 824 1896 875 qul
1930 825 2026 876 ipse

321 896 504 935 coniecit
534 893 734 947 ἆὸυλόγου
765 894 909 945 σοφίας
940 893 1069 934 πλέω
1101 907 1140 932 π.
1172 894 1314 934 Locus
1347 894 1422 933 vix
1448 893 1672 934 sanabilis.

262 964 329 1005 Fr.
362 964 460 1012 239,
499 966 517 1003 1
563 973 639 1013 pro
681 961 819 1002 ἐθάκει
858 963 921 1003 Bl.
955 960 1099 1008 ἔκειτο,
1140 962 1254 1011 quod
1292 972 1423 1002 nemo
1452 961 1660 1002 librarius
1691 962 1757 1002 sio
1787 961 2026 1002 mutasset.

317 1032 664 1071 Amantissimus
704 1033 855 1071 autem
897 1033 966 1071 est
996 1030 1202 1071 Cratinus
1237 1013 1548 1070 vocabulorum
1581 1030 1871 1080 poeticorum,
1913 1038 2027 1080 quae

317 1100 543 1149 praeterea
574 1099 737 1148 optime
769 1099 1038 1141 conveniunt
1070 1098 1338 1148 anapaestis.

259 1167 325 1206 Fr.
371 1166 469 1214 241,
518 1167 554 1206 1.
609 1166 737 1216 Soph.
785 1166 846 1207 El.
899 1168 982 1207 196
1036 1166 1152 1206 male
1209 1165 1397 1206 conferri
1454 1168 1605 1206 monet
1652 1164 1804 1205 Nauck
1854 1164 2026 1213 „wodor

315 1233 564 1274 uberlietert
610 1235 721 1274 noch
753 1235 990 1284 zulassig.”
1025 1256 1079 1263 —
1112 1233 1187 1274 Vs.
1224 1235 1263 1274 2.
1297 1233 1508 1274 κυνώπιδα
1540 1235 1694 1274 contra
1734 1232 2026 1283 exspectatio·

316 1311 418 1341 nem
450 1301 618 1341 dictum
648 1303 718 1341 est
749 1312 826 1351 pro
857 1301 1107 1341 nvavcfimcloe.

260 1369 324 1408 Fr.
359 1369 459 1408 344.
494 1368 606 1409 Plut.
639 1380 759 1419 prov.
787 1371 870 1410 etc.
900 1370 946 1410 Ο.
971 1369 1151 1410 Crusius
1182 1369 1235 1419 „i.
1254 1380 1290 1409 e.
1319 1369 1551 1410 Zenobius.
1569 1368 1632 1410 Cf.
1658 1369 1820 1409 Athen.
1842 1367 2024 1409 11160’·.

258 1437 325 1476 Fr.
360 1437 458 1476 245.
488 1440 714 1487 περινοστεῖ
739 1449 815 1488 pro
846 1444 1057 1492 περιφοιτᾷ
1094 1447 1180 1477 non
1213 1437 1331 1477 male
1362 1438 1426 1478 Bl.

260 1505 326 1544 Fr.
360 1505 459 1553 250,
495 1505 534 1544 2.
569 1505 633 1544 Bl.
676 1505 880 1556 χοιδάριον
911 1503 1035 1544 ἕλκων
1074 1507 1174 1555 [τῆς]
1207 1505 1360 1557 τρυγός.
1403 1506 1462 1545 At
1491 1505 1638 1555 ipsum
1670 1505 1826 1544 Vinum
1858 1501 2028 1552 ἕλκεται,

316 1582 403 1612 non
446 1572 688 1613 vasculum.
733 1573 815 1613 Sed
856 1573 1046 1613 fortasse
1086 1571 1253 1623 οἴναρον
1295 1573 1584 1623 depravatum
1617 1574 1688 1612 est
1717 1572 1942 1622 glossema
1970 1580 2027 1612 ex

317 1638 497 1687 οἰνάριον
521 1643 709 1690 (vappa),
738 1643 788 1680 ut
807 1640 959 1680 fuerit:
987 1636 1064 1689 μετ’
1093 1637 1191 1690 ἐμοῦ
1209 1639 1343 1692 διῆγες
1365 1635 1450 1681 <.ὦ
1477 1636 1606 1690 μέλ’,>
1629 1637 1754 1679 ἕλκων
1778 1644 1847 1690 τῆς
1871 1638 2027 1693 τρυγός.

317 1706 378 1747 Cf.
413 1708 719 1756 Aristophanis
750 1708 802 1748 fr.
839 1708 935 1757 109,
966 1708 992 1747 3
1026 1707 1229 1747 διελκύσαι
1258 1712 1327 1758 τῆς
1359 1707 1514 1759 τρυγός.

257 1774 324 1813 Fr.
358 1774 457 1814 252.
491 1774 553 1814 Cf.
586 1771 686 1813 τοῦτ’
723 1773 821 1814 αὐτὸ
852 1774 1007 1825 πράττω
1040 1774 1264 1824 Aristoph.
1296 1775 1350 1815 fr.
1382 1777 1453 1824 44,
1491 1777 1529 1815 1.

258 1842 323 1880 Fr.
359 1842 444 1881 253
477 1841 570 1888 ἴσως
603 1852 678 1882 cur
709 1852 870 1882 sanum
901 1851 987 1881 non
1019 1842 1098 1891 sit,
1138 1842 1254 1882 haud
1294 1842 1524 1893 perspicio.
1558 1842 1642 1892 BL,
1677 1842 1774 1883 coll.
1807 1842 1883 1883 Ar.
1913 1841 2025 1882 Ach.

316 1909 422 1957 933,
455 1915 604 1958 ψοφῶν
638 1912 714 1949 aut
745 1912 878 1958 ψοφεῖ
904 1908 1119 1949 violenter
1150 1911 1309 1950 tentat.

256 1977 322 2016 Fr.
356 1977 455 2016 254.
492 1977 552 2016 Bl.
585 1976 661 2016 ἔδει
694 1975 878 2028 παρέχειν
901 1974 1021 2017 <ἃν>
1051 1976 1073 2015 ὅ
1098 1991 1133 2015 τι
1164 1991 1220 2024 τις
1252 1972 1393 2025 εὔξαιτ’
1429 1975 1619 2029 ἐμβραχύ.
1653 1977 1827 2028 Melius,
1854 1977 2023 2028 opinor,

314 2041 365 2082 ἄν
409 2045 670 2084 inseruisset
716 2047 816 2094 post
856 2044 878 2084 ὅ
919 2060 953 2083 τι
994 2045 1062 2086 vel
1105 2049 1204 2095 post
1234 2060 1314 2094 τις,
1354 2045 1431 2085 sed
1464 2047 1583 2085 recte
1617 2044 1753 2086 Cobet
1784 2043 1864 2085 ἔδει
1894 2058 2026 2095 παρα-

317 2113 424 2162 σχεῖν
455 2109 530 2150 κτὲ.

259 2177 326 2218 Fr.
365 2179 466 2218 255.
517 2178 637 2219 Coni.
683 2190 829 2220 meam
871 2181 1027 2230 probat
1065 2180 1130 2221 Bl.
1173 2180 1289 2220 Nihil
1333 2184 1485 2221 autem
1527 2180 1702 2220 facilius
1737 2180 1850 2230 perit
1890 2189 2025 2231 quam

315 2247 469 2286 notum
500 2247 613 2296 sigla
645 2248 766 2287 vocis
797 2246 914 2287 ἐστιν.
946 2248 1065 2299 Quod
1098 2259 1255 2289 moneo
1286 2250 1464 2298 propter
1494 2247 1728 2288 Kockium.

259 2313 326 2353 Fr.
361 2314 459 2353 257.
508 2314 769 2364 Suspectum
818 2316 927 2355 mihi
974 2315 1206 2367 ἐφθάρη,
1250 2317 1354 2366 quia
1395 2326 1481 2357 non
1522 2318 1592 2356 est
1634 2315 1873 2365 probabilis
1917 2316 2027 2356 haec

316 2391 449 2421 causa
479 2383 651 2422 mortis,
685 2383 839 2423 Latere
868 2386 975 2434 puto
1007 2384 1227 2423 senarium
1262 2384 1428 2424 hunce:

656 2448 796 2501 ἔφθη
828 2450 996 2501 μαρίλης
1027 2449 1100 2501 τὴν
1133 2450 1297 2502 φάρυγα
1328 2448 1455 2489 πλέαν
1486 2448 1597 2503 ἔχων.

260 2514 326 2554 Fr.
371 2516 469 2555 259.
513 2516 576 2556 Bl.
625 2517 887 2568 βαρύφωνος,
926 2517 1182 2569 μεγάφωνος,
1227 2517 1489 2568 πολύφωνος,
1534 2517 1785 2570 τορόφωνος,
1830 2515 2025 2572 ὀλοφφος.

318 2582 455 2633 Elige,
488 2586 669 2633 quaeso!
699 2585 855 2634 Quidni
883 2586 1144 2637 λιγύφωνοςῗ
1170 2585 1297 2626 Certe
1322 2585 1567 2637 βαρύφωνος
1593 2586 1738 2636 gallus
1753 2585 2024 2636 gallinaceus

317 2649 514 2689 miraculi
557 2654 626 2691 est
666 2652 819 2691 instar.
861 2652 954 2693 Non
997 2653 1210 2693 traditum
1256 2649 1482 2702 ὁλόφωνος,
1528 2653 1604 2693 sed
1646 2650 1853 2701 ὁλόφωνος
1893 2651 2024 2702 (quod

318 2718 487 2757 numeri
521 2721 694 2768 vetant,
729 2729 808 2759 nec
839 2716 928 2766 ὀλός
956 2719 1170 2760 Graecum
1198 2730 1296 2760 esse
1327 2730 1404 2770 pro
1433 2717 1546 2767 ὀλοάς
1574 2720 1701 2761 facile
1724 2721 1878 2761 credas
1902 2718 1950 2761 E.
1967 2718 2022 2760 M.

318 2785 416 2834 622,
450 2788 522 2831 45)
563 2788 792 2827 teterrima
833 2788 976 2828 bestia
1015 2788 1203 2827 nimium
1245 2797 1377 2838 saepe
1417 2788 1527 2828 mihi
1569 2788 1666 2828 visa
1706 2790 1774 2828 est
1806 2786 1950 2834 νυκτὸς
1980 2784 2024 2826 ἐν

318 2858 453 2906 μακρῷ
494 2852 621 2908 χρόνῳ
662 2854 985 2907 διαγρυπνοῦντι.
1021 2855 1225 2896 Fortasse
1256 2851 1438 2910 ὀλοφῷος
1469 2865 1557 2896 non
1588 2855 1705 2896 male
1735 2865 1761 2895 a
1793 2853 2024 2905 Blaydesio

319 2919 563 2960 conlectum
597 2923 678 2961 est.

261 2983 530 3026 Horarum
576 2987 834 3037 fragmentis
883 2990 946 3030 Bl.
994 2990 1093 3030 addi
1135 2990 1256 3030 iubet
1297 2989 1434 3030 schol.
1479 2989 1583 3031 Ven.
1627 2990 1681 3030 ad
1725 2989 1852 3040 vesp.
1894 2988 2021 3029 1187.

320 3052 547 3101 Ἀνδροκλέα
603 3051 645 3093 δὲ
696 3056 890 3104 Κρατῖνος
949 3055 1159 3107 Σεριφίοις
1211 3055 1311 3106 φησὶ
1358 3055 1506 3096 δοῦλον
1552 3054 1618 3096 καὶ
1663 3055 1837 3107 πτωχόν,
1891 3053 1935 3095 ἓν
1979 3051 2024 3095 ὃὸ

314 3113 450 3168 Ὠραις
491 3117 728 3172 ἡταιρηκότα
770 3118 864 3173 ἄρα
907 3124 1022 3168 (Ald.
1064 3122 1222 3173 αὐτὸν),
1266 3123 1340 3163 ubi
1382 3123 1525 3173 Bergk
1565 3125 1611 3164 et
1645 3123 1771 3164 Dind.
1811 3126 2023 3174 Ἀριστο·

320 3186 491 3236 φάνης
519 3188 585 3226 τὸν
612 3188 744 3228 αὐτόν·
773 3189 846 3230 nti.
871 3193 1171 3241 coniecerunt,
1200 3192 1293 3241 ipse
1320 3191 1384 3231 Bl.
1404 3201 1557 3242 pamm
1576 3191 1763 3232 feliciter
1785 3191 2025 3243 αἰσχρῶς,

319 3254 440 3301 quasi
477 3265 577 3294 vero
619 3259 745 3304 καλῶς
787 3258 829 3297 id
871 3258 965 3299 fleri
1006 3259 1210 3309 potuerIt.
1243 3259 1289 3298 Sl
1322 3259 1456 3308 igitur
1485 3258 1653 3299 Cratini
1682 3260 1763 3300 hoc
1793 3260 1872 3310 sit,
1904 3258 2024 3300 aliud
