2216 3522
1080 193 1165 233 218

538 319 578 363 3)
1114 316 1157 358 ἐκ
1189 320 1358 367 Δελφῶν
1388 313 1426 357 δ’
1461 314 1560 369 ἔχων

612 384 697 436 ἣκει
727 400 763 424 τι
792 385 919 425 κακὸν
949 384 1128 436 ἄφωνον.

301 457 412 504 was·
446 454 516 502 21,
554 454 622 498 11)

538 522 579 566 4)
611 518 678 559 καὶ
710 520 921 572 τριβώνιον
953 519 1134 573 πονηρὸν
1167 515 1255 561 οἷον
1287 518 1590 574 ἒνριγισκάνειν.

299 600 428 638 quem
463 599 526 628 vs.
560 588 649 627 iam
681 588 870 628 antehac
901 588 1185 638 Aristophani
1215 587 1367 639 tribui,
1401 587 1499 629 ooll.
1532 587 1607 628 Ar.
1641 586 1756 628 Plut.
1790 587 1892 629 847.

539 656 580 701 5)
612 653 681 708 ἄγε
713 655 764 706 δή
795 651 827 694 κ’
862 652 957 702 (ἀλλ’
993 656 1129 702 Kock)
1160 654 1351 708 ἀνδρείως
1384 654 1515 708 ὥσπερ
1546 654 1699 706 πύκτης
1731 652 1961 708 ἀφίδρυσον

1648 719 1731 770 [καὶ
1761 722 2005 763 πιτύλευσον

614 813 667 820 -
690 813 743 820 --
764 814 817 820 —
838 814 891 821 —
925 790 997 843 τὴν
1027 790 1144 843 ῥῆσιν
1176 790 1273 843 ὅλην
1303 790 1368 831 καὶ
1400 791 1567 843 κίνησον
1598 790 1641 831 τὸ
1672 788 1859 842 θέατρον.

301 860 384 900 Ubi
431 859 551 899 Kock
597 856 663 897 καὶ
702 857 918 910 τόρνευσον
961 858 1211 910 (σύμπηξον,
1250 858 1467 911 κόλλησον,
1505 858 1746 911 γόμφωσον,
1775 857 1878 905 alia)
1909 867 2006 908 Sup-

301 928 406 978 plet,
441 928 533 977 ipse
566 927 610 966 in
641 926 783 967 lexico
814 937 915 967 meo
946 937 982 967 s.
1017 938 1057 967 v.
1090 926 1330 967 πιτύλευσον
1361 937 1459 977 pag.
1494 928 1579 968 661
1614 924 1678 966 ἐπὶ
1712 925 1807 974 τοὺς
1836 923 2008 978 ἐχθροὺς

299 997 376 1035 aut
403 994 564 1043 aliquid
591 994 819 1034 eiusmodi.
852 994 926 1035 Vs.
959 996 979 1035 1
1009 995 1198 1035 fortasse
1224 994 1409 1035 sufficit:
1436 992 1526 1047 ἄγε
1553 992 1778 1046 δάνδρεί
1786 1008 1850 1042 ως
1871 995 1942 1041 (=
1955 991 2007 1046 δὴ

300 1061 521 1113 ἀνδρείως).

358 1130 591 1170 Praeterea
631 1131 914 1170 accesserunt
952 1130 1037 1170 duo
1077 1129 1330 1180 fragmenta
1361 1139 1418 1170 ex
1454 1129 1597 1171 Schol.
1630 1129 1762 1170 Hom.
1795 1128 1846 1170 Il.
1872 1128 2009 1170 Geno-

300 1197 508 1238 vensibus
539 1196 668 1237 editis
699 1207 726 1237 a
756 1197 922 1238 Nicolio
954 1207 992 1237 a.
1030 1198 1166 1237 1891:

363 1266 400 1311 1)
433 1264 575 1304 Schol.
619 1265 672 1305 ad
706 1267 742 1304 A
776 1266 860 1313 189
902 1263 981 1304 ἔστι
1018 1263 1093 1318 γὰρ
1135 1263 1201 1305 καὶ
1235 1263 1417 1305 εὐκτικὸν
1448 1262 1645 1318 ἐπίρρημα
1677 1263 1738 1315 εἰ,
1766 1260 1789 1304 ὃ
1820 1262 2007 1316 σημαίνει

272 1372 280 1384 -‚
299 1331 342 1372 τὸ
375 1331 471 1371 εἴθε·
504 1326 658 1380 οὗτος
689 1330 855 1385 πατὴρ
887 1337 975 1383 τῆς
1007 1332 1225 1381 παιδος;
1256 1331 1304 1372 εἰ
1330 1330 1426 1385 γὰρ
1458 1331 1675 1382 ὤφελεν.

292 1410 306 1445 ².
359 1399 402 1451 2)
435 1400 491 1442 ib.
533 1401 634 1441 323.
669 1424 722 1429 —
755 1399 902 1453 ἀνδρὸς
942 1399 1037 1453 γὰρ
1078 1400 1263 1454 γέροντος
1305 1397 1330 1452 ἡ
1362 1398 1590 1453 &omem
1626 1399 1759 1441 Nic>
1797 1398 2004 1451 βακτηρία.

241 1738 308 1777 Fr.

242 1874 309 1913 Fr.

242 1941 310 1980 Fr.

243 2075 309 2115 Fr.

244 2143 310 2182 Fr.

244 2210 309 2249 Fr.

243 2278 308 2317 Fr.

244 2345 309 2384 Fr.

242 2413 309 2452 Fr.

243 2684 308 2723 Fr.

244 2752 308 2790 Fr.

298 1465 391 1507 Non
438 1467 658 1518 intellego,
706 1469 821 1509 Num
867 1469 979 1509 forte
1026 1467 1173 1522 ἀνδρὸς
1213 1467 1433 1522 γέρ<ας>
1486 1466 1678 1522 γέροντος,
1711 1464 1737 1518 ἡ
1779 1465 2006 1520 βακτηρίαῗ

298 1535 360 1575 Cf.
394 1535 576 1575 Homeri
607 1536 766 1577 locum.

776 1636 1009 1681 DUBIA
1051 1638 1137 1682 ΕΤ
1177 1636 1468 1684 8ΡΠΒΙΑ.

350 1738 477 1788 1203,
510 1739 551 1778 6.
584 1738 772 1787 Blaydes
804 1749 904 1779 cum
935 1739 1116 1780 Petavio
1147 1739 1299 1790 legens
1329 1739 1569 1791 ὑμνεῖ<το>
1608 1736 1645 1780 δ’
1680 1738 1850 1792 αἰσχρῶς
1874 1748 1954 1789 pro
1982 1734 2005 1778 ὁ

303 1805 452 1857 Φοῖβος
484 1806 688 1855 proponit
709 1804 905 1858 ’Ἁδμητος
938 1809 1015 1847 aut
1046 1806 1271 1860 Ἁρμόδιος,
1299 1801 1477 1849 traditis
1507 1806 1820 1849 dissimillima.

347 1874 474 1923 1204,
509 1876 549 1914 6.
583 1874 691 1914 Cum
725 1874 879 1915 eodem
910 1875 1065 1915 malim
1097 1874 1277 1928 βέβαιον.

347 1941 474 1989 1206,
509 1942 548 1981 4.
592 1942 674 1982 Pro
707 1949 758 1998 τῷ
790 1941 1023 2000 πειρωμένῳ
1057 1944 1164 1984 olim
1195 1944 1402 1994 proposui
1433 1941 1732 1999 τάπορουμένῳ.
1763 1943 1887 1983 Iusto
1916 1942 2004 1982 vio·

301 2007 465 2047 lentius
500 2009 564 2048 Bl.
593 2016 644 2064 τῷ
675 2008 925 2066 λυπουμένῳ.

347 2075 473 2125 1209,
508 2077 547 2116 2.
580 2077 746 2117 Sanum
778 2078 842 2118 Bl.
876 2078 996 2119 ducit
1028 2078 1206 2131 διαιρῶν.
1239 2079 1449 2128 Equidem
1481 2079 1609 2120 valde
1641 2078 1804 2119 dubito.

348 2143 474 2192 1210,
508 2144 548 2183 4.
583 2143 726 2184 Verba
756 2145 970 2194 hodieque
1001 2147 1152 2196 spuria
1183 2146 1293 2186 mihi
1326 2146 1544 2188 videntur.

348 2210 474 2260 1211,
512 2212 549 2250 1.
582 2211 707 2258 ξενῶν
739 2210 876 2265 ἄνοιγε
907 2214 1002 2253 sine
1034 2224 1169 2254 causa
1200 2214 1243 2254 in
1277 2225 1341 2255 vs.
1375 2215 1542 2265 tragico
1574 2215 1638 2255 Bl.

346 2278 547 2327 1213,1.
587 2278 864 2321 Restituatur
895 2281 1039 2321 forma
1070 2282 1208 2322 attica
1236 2281 1379 2322 αἰετόν.
1411 2282 1473 2323 Gt.
1507 2277 1752 2323 Meisterh.³
1783 2292 1823 2332 p.
1856 2281 1927 2332 33,
1960 2282 2002 2322 5.

348 2346 473 2395 1215,
507 2347 546 2386 2.
580 2347 769 2396 Blaydes
801 2349 929 2389 malit
960 2343 990 2389 ὦ
1021 2350 1157 2401 τάλαν,
1186 2353 1328 2403 γαμεῖν
1359 2349 1468 2403 ἔχεις.

347 2413 472 2462 1216,
507 2414 546 2453 2.
580 2414 626 2453 Β.
675 2412 818 2469 ἄπαγ’
855 2415 902 2464 ἐς
935 2416 1023 2457 τὸν
1054 2416 1278 2470 φθόρον.

300 2481 358 2519 At
399 2481 495 2520 sine
535 2482 719 2524 articulo
760 2484 843 2524 dici
885 2485 999 2526 solet
1030 2484 1068 2533 ἐς
1100 2485 1281 2538 φθόρον,
1318 2485 1372 2534 εἰς
1404 2484 1588 2539 ὄλεθρον,
1618 2485 1673 2534 εἰς
1705 2484 1934 2539 μακαρίαν,
1963 2482 2004 2534 ἐς

300 2548 483 2599 κόρακας.
517 2549 655 2598 Quare
687 2553 908 2602 suspicor:

818 2617 1034 2674 ἀπάγαγ’
1071 2620 1119 2669 ἐς
1153 2620 1374 2674 φθόρον.

347 2685 472 2724 1219.
508 2686 684 2726 Rectius
718 2687 911 2728 Porsono
942 2689 994 2729 de
1027 2689 1096 2728 his
1127 2689 1345 2730 iudicasse
1377 2689 1551 2729 videtur
1582 2688 1734 2729 Nauck
1766 2687 1841 2729 1.1.

348 2753 471 2792 1220.
507 2754 597 2793 Non
630 2754 830 2795 sufficere
864 2756 1016 2796 Kockii
1048 2757 1344 2798 coniecturam
1377 2758 1502 2798 ratus
1533 2756 1737 2807 proposui
1768 2755 1898 2797 olim:

656 2822 776 2861 θύειν
807 2821 886 2863 ἔδει
918 2822 992 2876 γὰρ
1024 2827 1104 2872 τοῖς
1138 2826 1269 2875 θεοῖς,
1299 2822 1395 2864 ὅταν
1427 2824 1540 2880 τάφῳ

654 2893 825 2942 γυναῖκα
856 2891 1157 2944 κρύπτηταί
1184 2906 1279 2939 τις,
1310 2891 1383 2944 οὐχ
1415 2891 1511 2931 ὅταν
1542 2897 1662 2947 γαμῇ.

300 2958 521 3005 Quomodo
564 2958 728 3007 scripta
769 2959 875 3000 haec
916 2962 1008 3000 tam
1049 2960 1103 3000 ab
1134 2960 1338 3010 Euripide
1369 2970 1500 3009 quam
1533 2970 1559 3000 a.
1590 2960 1758 3000 comico
1790 2945 2004 3010 proficisci

299 3027 546 3074 potuerunt.
590 3025 652 3065 Cr.
695 3036 799 3066 mox
842 3027 1043 3068 rr.1265
1077 3030 1122 3068 et
1151 3030 1342 3068 monost.
1374 3028 1430 3067 95
1463 3030 1509 3067 et
1539 3027 1867 3067 odiosissimum
1901 3026 2001 3076 Hip·

301 3095 497 3143 ponactis
528 3094 695 3134 locum:

656 3159 718 3202 δύ’
755 3160 882 3215 ἡμέρα
913 3161 1099 3215 γυναῖκές
1131 3162 1232 3203 εἰσιν
1264 3161 1441 3215 ἥδισται,

656 3230 751 3270 ὅταν
783 3230 890 3286 γάμῃ
922 3246 980 3279 τις
1011 3229 1193 3287 κάκφέρῃ
1224 3233 1482 3282 τεθνηκυῖαν.
