2216 3522
1106 174 1158 213 13

306 297 522 337 ΗΡΩΟΙΝ
569 300 672 338 ante
702 298 918 338 Kockium
951 299 1061 338 vidit
1092 299 1365 339 Volckmann
1397 300 1450 340 de
1481 301 1639 341 Suidae
1669 301 1804 350 biogr.
1838 303 2011 353 Quaest.

304 365 383 406 sel.
416 366 595 405 Bonnae
630 366 761 414 1861,
795 377 835 415 p.
869 367 940 405 40.
974 367 1142 406 Monuit
1166 367 1329 407 Nauck.

246 432 315 472 Fr.
350 434 420 472 26.
453 433 524 487 El.
538 433 728 484 ‘supplet
758 429 844 471 τάδ’
880 432 994 471 ἐστιν.

243 491 432 550 FrT2’7,v
453 503 490 541 1.
537 501 840 540 Incertissima
869 502 1105 541 restitutio.
1138 502 1241 542 Tria
1270 504 1414 542 tentat
1446 503 1510 543 Bl.
1543 514 1639 553 pag.
1677 506 1744 544 17.
1779 528 1831 533 -
1865 506 1939 545 Vs.
1982 508 2007 547 2

303 568 458 607 malim
500 566 564 607 ἐπὶ
604 572 718 607 τοῖν
758 568 1035 619 κοχώναιν.
1086 570 1336 609 Articulum
1375 571 1527 619 utique
1568 574 1868 612 necessarium
1910 584 2008 614 esse

302 646 389 676 non
420 636 642 676 intellexit
671 636 812 684 Kock,
846 634 1084 686 καθειμέναι
1116 637 1233 676 male
1265 638 1475 677 sollicitat
1507 639 1571 677 Bl.

241 702 311 742 Fr.
343 703 414 752 29,
447 704 487 743 2.
529 703 703 753 κύμασιν
740 704 845 742 olim
878 704 1034 743 tuebar
1064 714 1090 743 a
1122 704 1328 753 Madvigii
1361 706 1613 745 coniectura
1643 706 1863 756 καύμασιν,
1894 709 2006 757 quod

299 770 564 810 flammas
603 770 850 820 significare
884 781 971 810 non
1002 781 1131 820 posse
1162 772 1304 811 sensit
1335 774 1470 812 etiam
1502 774 1586 823 BL,
1620 774 1694 822 qui
1724 774 1819 814 iure
1849 775 2004 824 impro-

299 837 376 877 bat
403 838 559 878 Kockii
589 839 701 878 coni.
735 839 779 877 in
813 848 878 878 vs.
915 840 952 878 1.

239 906 307 945 Fr.
340 906 410 945 33.
442 906 664 946 Admissis
690 906 872 945 Porsoni
899 908 943 945 et
960 905 1205 945 Casauboni
1232 908 1573 947 correctionibus
1598 909 1661 948 sic
1678 910 2002 949 constituerim:

593 975 855 1023 ποιμανεῖ
881 975 972 1022 (pro
1003 972 1220 1022 ποιμαίνει)
1252 970 1289 1012 δ’
1325 973 1498 1014 ἐπίσιτον

594 1035 747 1092 ριγῶντ’
784 1038 826 1078 ἐν
858 1041 1118 1092 Μεγαβύζου.

597 1104 728 1156 [δέξετ’
763 1106 929 1155 (δέξεταί
955 1103 983 1147 τ’
1018 1109 1154 1154 PorS.)
1187 1106 1251 1146 ἐπὶ
1281 1113 1414 1163 μισθῷ

592 1178 702 1214 σῖτον
735 1178 826 1223 (pro
857 1178 961 1222 σῖτος
994 1175 1124 1223 Cas.)]

293 1242 448 1281 deletis
490 1243 675 1292 ultimis,
718 1254 828 1292 quae
869 1254 924 1282 ex
966 1244 1329 1293 interpretatione
1369 1245 1552 1285 fluxisse
1594 1246 1704 1286 mihi
1740 1258 1998 1296 persuasum

294 1312 375 1350 est.
409 1311 509 1350 Alia
538 1312 728 1350 tentavit
759 1311 823 1350 Bl.

234 1377 304 1417 Fr.
338 1378 408 1417 37.
442 1376 480 1425 ἐξ
512 1377 606 1418 ὅτου
635 1377 640 1430 Ι
668 1373 800 1430 ἦλθον
833 1381 909 1418 aut
942 1377 981 1425 ἐξ
1014 1378 1105 1417 ὅτον
1137 1375 1172 1418 δ’
1210 1382 1282 1426 (an
1314 1377 1339 1418 τ’
1356 1382 1390 1426 ?)
1422 1375 1552 1431 ἦλθον
1585 1382 1649 1421 Bl.

233 1445 302 1485 Fr.
337 1446 407 1485 40.
441 1445 626 1486 Dobraei
658 1447 910 1486 coniectura
940 1447 1203 1495 probabilior
1233 1458 1363 1496 quam
1396 1449 1681 1489 Meinekiana.

233 1512 301 1552 Fr.
334 1514 404 1553 50.
446 1513 625 1553 Rectius
667 1515 787 1554 Kock
830 1521 1003 1568 μεμνῇτο
1046 1526 1178 1563 quam
1210 1515 1275 1555 Bl.
1314 1522 1511 1570 μεμνῷτο,
1545 1517 1619 1565 qui
1648 1514 1819 1557 fallitur
1848 1518 1996 1558 dicens

292 1579 502 1620 Cobetum
550 1582 661 1621 Xen.
704 1582 843 1621 Anab.
886 1583 906 1621 I
938 1583 977 1631 7,
1021 1585 1046 1622 5
1105 1583 1299 1622 voluisse
1338 1591 1507 1639 μεμνῷο.
1554 1584 1685 1624 Cobet
1731 1596 1808 1635 per
1852 1588 1992 1626 totam

289 1648 430 1688 Vitam
455 1649 600 1688 solum
627 1648 839 1704 μεμνῄμην
870 1652 972 1699 etc„
1005 1653 1055 1689 ut
1084 1649 1295 1705 κεκτῄμην,
1325 1650 1543 1705 κεκλῄμην,
1574 1651 1778 1707 καθῄμην,
1807 1654 1991 1693 atticum

290 1726 389 1755 esse
418 1716 580 1756 docuit.

170 1888 173 1891 .
231 1848 538 1895 Pherecratis
570 1853 621 1893 fr.
659 1855 696 1903 1,
730 1855 756 1893 3

643 1918 695 1968 ὡς
727 1918 943 1973 ὀλιγόσιτος
973 1914 1064 1972 ἧσθ’
1100 1917 1176 1973 ἄρ’,
1205 1917 1249 1967 ὃς
1281 1921 1502 1968 κατεσθίεις

631 1994 700 2040 τῆς
730 1986 879 2040 ἡμέρας
910 1994 1111 2040 μακρᾶς
1142 1988 1394 2039 τριήρους
1425 1978 1538 2028 σιτία.

287 2054 395 2105 Quia
421 2063 574 2107 μακρᾶς
599 2068 740 2107 neque
765 2068 865 2097 cum
893 2054 1040 2107 ἡμέρας
1077 2067 1215 2106 neque
1242 2067 1343 2096 cum
1370 2056 1554 2108 τριήρους
1581 2059 1682 2106 apte
1699 2058 1903 2107 coniungi
1920 2070 1988 2108 po-

286 2125 394 2173 test,
421 2125 649 2164 tentabam
677 2130 886 2175 μικροῦ,
916 2125 942 2164 i.
962 2134 998 2164 e.
1027 2134 1213 2174 paene.
1238 2125 1399 2163 Postea
1417 2135 1517 2164 vero
1533 2125 1739 2163 dubitans
1756 2135 1862 2164 num
1880 2127 1990 2165 satis

285 2184 401 2232 recte
427 2192 529 2230 σιτία
555 2178 636 2232 hoc
662 2202 797 2232 sensu
823 2194 972 2232 careat
996 2192 1180 2231 articulo
1207 2191 1444 2240 malebam,
1470 2192 1581 2240 quod
1600 2192 1810 2240 hodieque
1825 2193 1985 2242 placet,

580 2265 649 2310 τῆς
680 2257 828 2310 ’ἡμέρας
859 2245 1219 2309 νεὼςῦμακρᾶς
1250 2257 1307 2296 τὰ
1335 2258 1449 2296 σιτία.

283 2328 334 2366 ut
356 2324 705 2378 superscriptum
731 2328 955 2377 glossema
981 2325 1164 2377 τριήρους
1190 2327 1233 2364 in
1260 2328 1435 2365 textum
1462 2336 1509 2365 se
1530 2326 1779 2366 insinuasse
1795 2329 1987 2376 putetur.

226 2396 294 2436 Fr.
328 2397 368 2436 7.
402 2392 480 2434 ἀλλ’
515 2394 590 2435 οὐκ
621 2391 743 2435 οἶσθα
775 2396 836 2435 σύ.
869 2395 934 2435 Bl.
968 2395 1041 2434 cft.
1075 2394 1205 2444 Vesp.
1244 2395 1325 2434 193
1360 2396 1403 2433 et
1435 2394 1533 2433 Eur.
1566 2394 1618 2435 fr.
1654 2395 1752 2443 257,
1787 2396 1827 2434 4.

225 2464 293 2504 Fr.
327 2465 367 2504 9.-
400 2464 465 2504 Β1.
498 2474 575 2514 pro
606 2462 775 2513 κυάμοις
806 2463 917 2503 coni.
949 2459 1063 2516 κονίᾳ
1095 2472 1195 2501 cum
1229 2462 1388 2500 vitiosa
1420 2462 1646 2510 anapaesti
1678 2462 1901 2501 incisione.

225 2532 292 2571 Fr.
331 2533 397 2581 10,
431 2533 472 2572 4.
515 2536 791 2583 περιαγουσῶν
833 2532 932 2579 post
971 2540 1042 2569 me
1082 2539 1158 2578 pro
1198 2531 1482 2580 θιγγανουσῶν
1519 2529 1629 2568 coni.
1663 2528 1797 2568 Kock.
1835 2529 1984 2568 Lenio-

281 2610 376 2639 rem
410 2610 511 2639 vero
557 2602 740 2649 expecto
781 2598 1155 2644 emendationem,
1213 2605 1292 2635 nec
1338 2597 1489 2635 tamen
1534 2598 1828 2646 θρυγονωσῶν,
1872 2595 1984 2644 quod

282 2667 388 2707 olim
419 2668 463 2706 in
497 2670 694 2707 mentem
727 2666 866 2714 venit,
900 2665 1010 2704 satis
1042 2665 1207 2712 aptum.

220 2734 288 2774 Fr.
327 2736 394 2775 11.
426 2734 646 2775 Correctio
677 2735 857 2773 incerta.
885 2731 1151 2771 Tentabam:

400 2797 510 2852 οἶμαι
541 2799 575 2841 δ’
612 2801 735 2841 αὐτὸν
767 2798 1017 2839 κινδυνεύειν
1048 2797 1102 2844 εἰς
1134 2796 1206 2847 τὴν
1240 2796 1445 2848 Αἴγυπτον
1483 2795 1663 2836 <ἰόντα>

308 2872 422 2911 <Β.>
456 2869 670 2921 οἰκτρόν
695 2883 748 2922 γε
778 2866 972 2920 λέγεις,
1002 2866 1043 2905 εἰ
1068 2865 1149 2904 δεῖ
1170 2866 1329 2914 συζῆν
1355 2867 1454 2903 τοῖσι
1472 2863 1715 2915 Λυκούργου
1733 2862 1979 2912 πατριώταις.

279 2948 356 2987 pro
399 2937 532 2984 οἴκους
574 2935 713 2984 λέξεις,
748 2935 814 2974 ἳνα
851 2933 904 2984 μὴ
938 2931 1092 2986 ξυνέχῃ.
1129 2955 1179 2960 -
1214 2932 1278 2970 Bl.
1311 2931 1454 2980 suppl.
1486 2928 1678 2969 ἀπελθεῖν
1709 2932 1754 2969 et
1786 2931 1895 2970 coni.
1929 2926 1975 2968 ἵν’

281 3004 365 3044 ἐκεῖ
389 3007 505 3061 συζῇ,
534 3005 718 3054 quodsi
752 3013 903 3043 verum
935 3003 1013 3051 sit,
1039 3012 1102 3040 VS.
1123 3001 1147 3039 2
1180 3009 1440 3049 proponam:
1470 2999 1512 3036 B.
1538 2997 1684 3048 οἴμοι
1716 2997 1763 3035 τί
1791 2996 1978 3048 λέγειςς

281 3069 336 3111 ἵν’
373 3071 484 3112 ἐκεῖ
510 3075 603 3119 (aut
634 3072 778 3112 lenius
810 3070 875 3108 ἵνα
908 3068 972 3119 δὴ)
1005 3070 1129 3122 συζῇ
1162 3082 1190 3105 τ.
1224 3070 1274 3104 Λ.
1306 3065 1566 3116 πατριώταις;

220 3139 289 3180 Fr.
332 3141 397 3190 12,
435 3143 472 3181 1.
506 3138 815 3190 δελφινοφόροιο
846 3136 1005 3187 κεραίας
1038 3135 1106 3174 vel
1141 3132 1430 3183 ὃελφινοφόρος
1461 3146 1500 3170 τε
1527 3131 1665 3182 κεραία
1691 3132 1755 3171 Bl.
1785 3134 1830 3171 et
1857 3141 1920 3169 VS.
1950 3132 1973 3169 2

278 3207 510 3257 καταδύσει,
540 3207 652 3257 quod
683 3216 790 3245 sane
821 3203 1168 3254 praeferendum.
