2216 3522
1072 180 1158 220 205

233 304 301 343 Fr.
334 303 434 352 200,
468 302 564 342 coll.
593 303 817 343 Menandri
844 304 895 343 fr.
915 305 984 354 94,
1004 305 1029 344 5
1058 307 1102 344 et
1129 306 1227 355 460,
1247 307 1287 355 5,
1316 306 1416 345 huic
1443 307 1595 355 poetae
1621 306 1774 345 tribuit
1791 306 1990 354 Blaydes.

234 371 302 411 Fr.
336 371 435 420 204,
473 371 509 409 1.
558 368 712 420 ἑτέρους
758 373 870 420 φιλεῖ
910 372 980 411 vel
1028 370 1168 423 ἑτέρων
1210 371 1278 427 ἐρᾷ
1320 384 1396 422 pro
1438 371 1594 422 ἑτέρους
1635 370 1708 427 ὁρᾷ
1751 376 1894 412 tentat
1927 374 1990 412 Bl.

292 439 490 488 Speciem
536 439 713 495 quidem
759 439 891 479 habet
936 440 1151 489 posterior
1196 442 1463 490 coniectura,
1517 442 1593 480 sed
1639 441 1754 480 haud
1800 441 1890 480 scio
1937 451 1990 479 an

293 505 595 556 spectandi
642 509 686 546 et
732 507 1135 547 considerandi
1182 518 1315 548 sensu
1362 509 1464 548 ferri
1506 509 1646 558 possit
1689 508 1878 556 vulgata.
1929 508 1989 547 Cf.

292 575 407 614 infra
436 575 488 614 fr.
522 575 607 614 378
639 576 684 614 et
715 575 809 614 eius
839 575 1031 614 notionis
1062 575 1264 624 exempla
1294 576 1338 615 in
1370 576 1582 615 Thesauri
1615 575 1699 614 vol.
1733 575 1768 612 V
1802 586 1839 623 p.
1875 576 1989 614 2138

293 654 328 682 s.
362 654 402 683 v.
436 640 544 691 ὁρᾶν.
577 642 792 682 Headlam
824 653 891 691 ap.
925 642 988 682 Bl.
1024 643 1150 682 Add.
1183 653 1222 692 p.
1257 644 1341 682 343
1376 642 1459 693 ὅρα.
1492 643 1664 682 Dubito.

234 710 303 749 Fr.
337 711 437 749 210.
471 709 532 749 Cf.
566 709 755 749 Herond.
787 709 825 747 V
860 711 927 749 15.

234 777 302 817 Fr.
337 778 436 817 213.
470 777 533 816 Bl.
664 780 745 823 τοῖς
775 775 983 828 εὐτυχοῦσι
1015 775 1081 815 καὶ
1111 776 1280 828 τρίμηνα
1319 777 1571 830 <γίγνεται>

663 843 815 882 παιδία.

293 911 377 951 Sed
408 911 560 951 eodem
592 911 684 951 iure
716 911 977 951 conieceris:

1179 976 1272 1025 <ὦς
1331 978 1543 1030 γίγνεται)

719 1048 799 1092 τοῖς
831 1044 1040 1097 εὐτυχοῦσι
1070 1044 1137 1084 καὶ
1167 1045 1336 1096 τρίμηνα
1368 1046 1509 1084 παιδία

293 1115 370 1152 aut
415 1112 519 1162 alia,
569 1113 714 1161 qualia
754 1114 977 1162 suggessit
1016 1113 1150 1153 Kock.
1193 1114 1251 1153 Ut
1293 1113 1400 1152 nihil
1443 1115 1508 1152 est
1549 1113 1738 1162 facilius,
1783 1114 1845 1152 ita
1885 1113 1989 1151 nihil

292 1181 516 1221 incertius.
549 1181 726 1220 Manum
757 1181 976 1221 abstinere
1007 1184 1218 1232 praestat.

233 1248 300 1287 Fr.
334 1250 434 1288 214.
483 1248 584 1287 Sine
629 1259 763 1288 causa
802 1246 1073 1288 ἀποδιωκτέον
1114 1250 1177 1289 Bl.
1227 1250 1396 1289 Passim
1439 1249 1609 1288 variant
1651 1248 1991 1298 praepositiones

294 1314 372 1355 ἀπό
405 1318 450 1356 et
480 1314 522 1354 ἐκ
552 1316 596 1354 in
629 1317 886 1365 compositis

233 1384 301 1424 Fr.
335 1385 434 1423 217.
478 1384 628 1423 Nauck
670 1384 819 1423 laudat
860 1384 1072 1425 Cobetum
1114 1386 1157 1424 in
1201 1386 1358 1425 Mnem.
1402 1395 1502 1424 now
1536 1384 1593 1422 VI
1625 1395 1663 1433 p.
1702 1385 1767 1433 13,
1808 1394 1990 1423 monens

294 1452 446 1491 Galeni
476 1452 621 1491 locum
652 1462 750 1491 esse
782 1452 841 1490 IV
872 1464 912 1502 p.
947 1454 1032 1492 402
1051 1453 1102 1493 K.

236 1520 304 1559 Fr.
339 1520 438 1559 222.
631 1519 939 1570 οἰκειότητα
978 1516 1092 1558 <ὃ’>
1132 1519 1335 1571 ἐμβλέπων
1368 1517 1607 1559 ὠλίσθανον.

293 1588 471 1628 Inutilia
501 1589 600 1637 post
631 1587 845 1627 Kockium
877 1588 1040 1637 profert
1070 1589 1134 1628 Bl.
1167 1589 1277 1638 Acu,
1311 1590 1358 1627 ut
1385 1599 1533 1638 saepe,
1562 1598 1655 1627 rem
1681 1586 1827 1635 tetigit
1854 1586 1989 1625 Head-

292 1658 401 1707 lam,
446 1657 519 1705 qui
562 1656 919 1694 OIKGIOTHTA
951 1657 1092 1696 celare
1124 1656 1542 1704 GIGAGIOTHTA‚
1568 1656 1621 1702 εἰς
1648 1655 1843 1705 λειότητα,
1868 1655 1989 1694 intel·

295 1725 424 1774 lexit,
467 1724 695 1764 conferens
736 1723 840 1763 Hor.
885 1724 1028 1763 carm.
1062 1725 1081 1763 Ι
1118 1725 1184 1773 19,
1219 1725 1267 1772 8;
1312 1724 1532 1773 Aristoph.
1574 1724 1625 1763 fr.
1669 1724 1778 1771 218;
1811 1723 1990 1761 Batonis

295 1794 335 1842 7,
370 1794 395 1832 8
428 1796 482 1842 (p.
517 1793 641 1839 329);
676 1791 816 1830 Schol.
850 1791 957 1831 Ran.
991 1793 1070 1839 48;
1115 1792 1291 1831 Theocr.
1328 1792 1364 1830 V
1390 1793 1467 1840 90;
1495 1791 1605 1830 Plat.
1630 1791 1756 1839 Gorg.
1775 1801 1813 1838 p.
1833 1791 1918 1829 465
1937 1790 1987 1839 B,

293 1861 394 1909 Lys.
427 1871 467 1909 p.
503 1861 602 1908 216,
636 1858 700 1906 C.;
735 1859 847 1898 Plut.
882 1859 986 1898 Mor.
1020 1860 1106 1899 878
1124 1860 1171 1898 B.

233 1929 301 1968 Fr.
335 1928 434 1968 225.
466 1932 579 1978 γαμῶ
610 1924 736 1977 γέρων
767 1923 823 1964 ὢν
854 1929 946 1976 (pro
978 1920 1055 1975 εὖ),
1086 1921 1198 1975 οἶδα,
1229 1924 1295 1964 καὶ
1326 1929 1406 1973 τοῖς
1437 1926 1607 1978 γείτοσιν
1639 1925 1803 1975 optime
1835 1924 1988 1973 Cobet,

293 1995 503 2045 probante
534 1993 740 2033 Nauckio.

232 2064 300 2103 Fr.
335 2064 434 2103 226.
467 2062 530 2102 Bl.
564 2062 637 2101 eft.
670 2060 863 2108 ἀπόξενος
895 2064 938 2102 et
971 2060 1208 2112 ἀπόμισθος.

233 2131 300 2170 Fr.
334 2131 433 2169 227.
467 2130 561 2169 Vid.
596 2130 765 2179 Nauck,
799 2129 895 2168 Mel.
934 2129 988 2168 VI
1020 2140 1060 2178 p.
1099 2130 1194 2169 159.

237 2198 304 2236 Fr.
339 2198 437 2237 238.
485 2197 737 2236 Lectionem
783 2198 972 2236 monost.
1020 2198 1101 2236 156
1144 2197 1259 2234 παύει
1304 2196 1508 2244 vulgatae
1548 2195 1631 2234 λύει
1672 2196 1765 2233 iure
1806 2193 1993 2242 praefert

296 2265 360 2304 Bl.
403 2266 447 2303 et
486 2263 675 2303 Cratetis
715 2264 978 2312 scripturam
1016 2263 1051 2301 εἰ
1080 2267 1170 2313 (pro
1202 2262 1280 2309 ἅν).
1314 2265 1351 2302 Α
1383 2263 1605 2302 comoedia
1636 2261 1989 2309 abiudicandum,

297 2330 417 2370 nulla
447 2331 564 2370 enim
598 2331 969 2370 Monostichorum
1002 2331 1253 2370 auctoritas,

239 2399 305 2438 Fr.
340 2398 439 2437 243.
481 2397 652 2438 Aeliani
692 2398 812 2437 codd.
853 2397 1012 2437 habere
1044 2396 1144 2448 ἔχειν
1184 2396 1251 2436 τὸν
1288 2395 1505 2448 ἐγκέφαλον
1538 2397 1753 2436 monitum
1786 2395 1990 2443 oportuit.

298 2464 359 2505 cf.
393 2475 509 2504 nunc
539 2464 710 2514 Nauck,
745 2465 840 2504 Mel.
874 2465 931 2504 VI
963 2476 1002 2514 p.
1041 2466 1136 2504 127.
1169 2488 1219 2493 —
1248 2466 1361 2514 Apte
1387 2465 1450 2504 Bl.
1479 2465 1550 2503 cst.
1580 2463 1799 2512 Eupolidis
1826 2463 1875 2501 fr.
1910 2463 1991 2501 100

296 2535 341 2573 et
371 2533 493 2572 Dem.
527 2532 607 2571 VII
638 2533 708 2572 45.

240 2601 306 2640 Fr.
340 2600 438 2639 248.
471 2605 594 2652 καιρῷ
626 2610 726 2639 cum
758 2599 999 2639 Headlamo
1030 2600 1250 2648 glossema
1275 2610 1372 2639 esse
1397 2602 1523 2648 put0;
1557 2609 1658 2637 nam
1688 2598 1760 2636 vix
1789 2607 1989 2645 graecum

298 2669 366 2706 est
398 2665 439 2704 ἐν
472 2666 520 2705 οὐ
553 2666 681 2705 δέοντι
707 2673 843 2720 καιρῷ.

240 2735 307 2774 Fr.
341 2735 439 2773 259.
473 2734 585 2783 Lege
617 2732 759 2784 τέθηκε
790 2744 867 2784 pro
898 2732 1060 2773 τέθεικε.

240 2802 306 2841 Fr.
341 2802 439 2840 271.
473 2801 605 2840 Recte
636 2799 879 2853 καταφαγὼν
911 2812 934 2841 e
966 2802 1150 2840 Macario
1183 2801 1372 2851 praefert
1402 2801 1466 2840 Bl.

240 2869 305 2908 Fr.
340 2869 423 2908 273
458 2868 653 2917 Gregorii
684 2869 948 2908 Nazianzeni
982 2868 1063 2907 vol.
1099 2869 1138 2906 ΙΙ
1171 2879 1209 2917 p.
1247 2868 1379 2907 186D
1412 2870 1498 2917 est,
1537 2868 1754 2907 indicante
1786 2866 1989 2904 Nauckio.

240 2935 306 2974 Fr.
340 2937 439 2975 276.
473 2936 546 2974 Bis
578 2929 677 2985 ἦμεν
708 2946 784 2985 pro
815 2934 922 2986 ἤμην
956 2936 1102 2985 procul
1135 2936 1261 2974 dubio
1294 2938 1410 2975 recte
1443 2935 1594 2974 Naber.
1630 2934 1848 2973 Pessimae
1874 2943 1988 2980 grae-

298 3004 446 3042 citatis
486 3004 555 3042 est
594 3003 756 3043 tradita
797 3003 944 3052 lectio,
988 3013 1096 3051 quae
1138 3004 1279 3051 ipsum
1320 3002 1562 3041 Nauckium
1605 3001 1756 3040 fefellit
1798 3001 1838 3038 in
1883 3003 1990 3047 trag.

297 3071 348 3110 fr.
381 3070 526 3119 adesp.
563 3070 664 3119 124,
708 3070 779 3109 ubi
821 3069 943 3118 σοφαὶ
984 3070 1067 3115 (vel
1111 3071 1255 3119 potius
1287 3068 1419 3118 σοφοὶ)
1457 3066 1529 3118 μὲν
1560 3063 1658 3119 ἦμεν
1691 3066 1989 3115 corrigendum

299 3148 399 3178 esse
430 3138 535 3177 olim
567 3138 730 3176 monui.

240 3206 305 3244 Fr.
339 3206 436 3244 281.
471 3205 663 3243 Crameri
697 3204 855 3243 Anecd.
892 3205 930 3242 ΙΙ
964 3215 1002 3252 p.
1039 3205 1137 3250 468,
1175 3204 1196 3241 7
1234 3204 1339 3242 citat¹
1374 3204 1533 3242 Nauck.
