2216 3522
1048 179 1130 218 227

265 300 524 339 emendasse
568 301 664 350 ipsa
708 303 985 350 grammatici
1031 303 1164 342 verba
1209 304 1382 354 docent,
1431 307 1476 343 et
1522 305 1754 353 probabilis
1800 307 1970 347 videtur

266 366 465 407 Meinekii
492 370 700 409 correctio
726 367 969 420 ἕκαθιζόμην
1000 370 1094 410 sive
1111 369 1369 421 ἐκαθεζόμην.
1393 371 1597 411 Ceterum
1615 373 1667 412 cf.
1685 374 1758 412 BA
1779 375 1875 423 272,
1896 375 1965 423 20,

265 433 339 473 ubi
369 434 662 476 Wachsmuth
702 437 748 476 in
789 437 896 476 Mus.
938 437 1075 477 Rhen.
1108 437 1257 477 XXIII
1292 440 1342 477 17
1382 439 1634 478 emendavit
1674 438 1716 478 ἐν
1739 438 1860 495 ’Ἀγρᾳ
1892 451 1967 490 pro

266 499 315 540 ἐν
339 499 485 557 ἀγορᾷ,
514 505 610 544 coll.
644 505 718 544 BA
751 506 836 544 326
869 515 932 553 sq.
967 515 1002 544 s.
1036 515 1077 545 v.
1102 503 1254 557 Ἄγραι.

206 569 274 608 Fr.
309 571 380 609 55.
413 571 617 611 Fortasse
649 572 811 611 rectius
842 573 906 612 Bl.
940 572 1207 621 ὤ<φει>λεν.

205 637 274 676 Fr.
311 638 407 687 101,
445 641 481 678 1.
515 639 579 679 Bl.
628 638 755 691 ἐγχέαι
796 655 832 678 τι
871 647 973 694 νῷν,
1014 642 1090 679 aut
1118 638 1263 692 ’ἐγχέαι
1309 639 1396 679 τινὰ
1414 642 1483 689 (‘?)‚
1528 643 1604 680 aut
1650 642 1795 690 potius
1842 640 1966 694 ἐγχέαι

263 705 411 755 μύρον,
440 717 550 755 quae
581 717 682 747 mea
711 709 780 747 est
812 709 1076 748 coniectura.

205 771 272 811 Fr.
310 773 406 822 108,
444 775 510 813 16.
543 774 665 814 Idem
698 773 866 826 ἔγχέλειά
891 771 922 827 γ’
952 773 1233 825 ἐξανθισμένα.
1253 798 1306 803 -
1324 775 1398 815 VS.
1432 776 1496 814 17.
1526 774 1609 814 Cft.
1638 775 1838 816 Teleclid.
1869 779 1905 827 1,
1925 779 1964 817 7.

204 839 273 879 Fr.
309 841 406 890 109,
440 842 479 880 3.
512 842 745 891 Perperam
778 844 922 883 tentat
953 843 1017 882 Bl.
1052 853 1091 892 p.
1126 843 1224 882 286.

203 907 272 946 Fr.
309 908 404 947 127.
439 908 561 948 Malit
600 909 719 948 idem
759 907 822 948 ἐπὶ
863 909 1032 965 τηγάνῳ.
1065 910 1151 949 Res
1183 920 1267 949 non
1300 911 1444 959 potest
1474 910 1637 959 dirimi,
1682 911 1828 959 itaque
1859 911 1967 950 nihil

262 975 517 1015 novandum
551 978 633 1016 est.

203 1041 271 1082 Fr.
306 1043 404 1092 131,
437 1044 477 1082 4.
510 1043 574 1083 Bl.
609 1044 682 1083 cst.
715 1044 864 1094 Eupol.
896 1044 937 1082 II
971 1045 1055 1083 294
1090 1042 1327 1095 κολλαβίδας
1354 1040 1398 1082 δὲ
1423 1043 1564 1095 βαίνει.
1583 1067 1637 1073 -
1661 1045 1735 1085 Vs.
1765 1047 1805 1085 5.
1834 1045 1966 1085 Recte

261 1110 452 1159 praefert
481 1107 632 1149 παιᾶν’.

202 1177 272 1216 Fr.
304 1177 397 1227 138,
435 1179 472 1218 1.
505 1178 570 1218 Bl.
603 1177 807 1228 εἵλκυσαν,
839 1179 951 1227 quod
982 1178 1110 1228 longe
1143 1178 1492 1227 posthabendum
1524 1179 1734 1228 probabili
1764 1180 1967 1219 Meinekii

261 1245 572 1285 emendationi.
614 1245 702 1286 Nec
743 1246 887 1295 agitur
919 1246 970 1286 de
1001 1246 1187 1285 bibendo
1218 1255 1356 1295 mero,
1390 1245 1467 1285 sed
1499 1246 1551 1286 de
1580 1247 1845 1287 infundendo
1878 1257 1964 1286 cra·

261 1314 400 1363 terae,
433 1314 484 1353 ut
516 1323 628 1362 aqua
659 1314 909 1353 misceatur.

203 1379 271 1419 Fr.
306 1380 406 1420 218.
440 1381 610 1420 Similia
640 1381 746 1420 lusit
776 1381 975 1431 Plautus,
1009 1380 1103 1420 sive
1134 1381 1228 1420 eius
1260 1382 1425 1430 auctor,
1458 1381 1576 1420 PerS.
1612 1381 1859 1420 702-705.

204 1476 451 1533 Eupolidis
483 1481 534 1520 fr.
572 1481 638 1520 12.
672 1480 733 1520 Cf.
766 1480 913 1519 Plauti
945 1480 1213 1520 Menaechm.
1250 1482 1347 1520 745.
1380 1480 1488 1529 Ego
1520 1482 1571 1519 te
1603 1481 1803 1520 simitu
1834 1481 1963 1520 novi

262 1558 379 1587 cum
413 1548 750 1588 Porthaone.

200 1644 538 1702 Aristophanis
570 1648 621 1687 fr.
659 1649 755 1697 141,
790 1649 829 1688 2.
859 1648 924 1687 Ad
952 1646 977 1699 ἢ
1006 1647 1055 1687 σὺ
1083 1648 1136 1689 cf.
1156 1649 1294 1695 etiam
1310 1648 1454 1687 Plauti
1472 1648 1770 1694 (Philemonis)
1788 1648 1961 1687 Mercat.

260 1716 346 1755 309
379 1725 469 1764 sq.:

379 1783 566 1823 Velut
612 1783 767 1822 scias
799 1794 880 1822 me
914 1793 1120 1832 amare,
1156 1793 1286 1832 cape
1319 1783 1566 1823 cultrum
1599 1793 1658 1822 ac
1689 1793 1818 1822 seca

379 1850 629 1899 Digitum
662 1851 749 1890 vel
782 1861 969 1890 aurem
1002 1849 1076 1893 vel
1107 1850 1162 1892 tu
1194 1861 1387 1890 nasum
1421 1850 1507 1889 vel
1540 1850 1772 1889 labrum.

197 1948 488 2005 Theopompi
521 1951 572 1991 fr.
605 1951 675 1990 69.
719 1950 952 1990 Praeterea
993 1950 1046 1989 cf.
1089 1950 1230 1990 Plaut.
1265 1950 1573 1989 Trinummum
1602 1951 1671 1995 (=
1690 1950 1959 1989 Philemonis

256 2017 546 2065 Thesaurum)
579 2029 644 2058 vs.
678 2020 757 2058 43:
792 2018 894 2058 Hic
926 2018 1092 2057 illest
1123 2019 1359 2058 senecta
1390 2019 1581 2057 aetate
1614 2018 1704 2066 qui
1736 2018 1960 2057 factust

255 2096 405 2135 puen

197 2183 488 2239 Antiphanis
529 2186 581 2225 fr.
618 2184 715 2235 195,
747 2187 784 2225 7.
832 2185 894 2224 De
940 2186 1147 2235 parasitis
1193 2185 1402 2225 similiter
1447 2186 1628 2225 Plautus
1675 2186 1840 2236 Captiv.
1890 2188 1957 2227 75.

258 2252 428 2302 Quasi
470 2263 657 2292 mures
697 2262 916 2302 semper
956 2253 1171 2292 edimus
1211 2253 1461 2292 alienum
1504 2254 1699 2293 cibum.

202 2350 385 2407 Diphili
414 2353 466 2392 fr.
499 2354 569 2403 60,
606 2353 672 2392 12.
706 2352 969 2402 Recipienda
1000 2353 1172 2392 videtur
1202 2353 1239 2392 J.
1259 2352 1302 2392 C.
1321 2351 1563 2402 Vollgraffii
1594 2353 1802 2393 correctio
1827 2352 1958 2391 πάντα

255 2418 418 2459 ταύτὰ
447 2419 648 2472 γί(γ)νεται
683 2430 784 2469 „per
816 2422 1016 2460 ventrem
1049 2419 1197 2460 omnia
1226 2420 1371 2459 idem
1402 2418 1557 2459 fiunt.'’

197 2518 445 2564 Menandri
475 2520 526 2571 fr,
561 2521 661 2561 754.
705 2521 917 2560 Similiter
959 2521 1062 2560 olim
1104 2520 1263 2559 Mnem.
1298 2519 1378 2558 VII
1409 2530 1449 2569 p.
1483 2520 1568 2558 333
1602 2520 1833 2559 emendavi
1863 2520 1954 2560 Pla·

253 2588 373 2629 tonis
403 2588 550 2629 locum
583 2588 634 2628 de
665 2588 769 2638 Rep.
803 2588 844 2627 X
875 2599 915 2638 p.
951 2589 1035 2628 607
1055 2589 1093 2628 Α
1135 2585 1155 2626 ὁ
1187 2593 1266 2626 τῶν
1298 2586 1394 2625 Δία
1426 2592 1565 2636 σοφῶν
1598 2590 1652 2632 (v.
1671 2587 1698 2626 l.
1733 2586 1954 2636 διασόφων)

255 2653 368 2708 ὄχλος
412 2656 657 2706 reponendo
704 2653 724 2695 ὁ
769 2662 848 2695 τῶν
894 2656 1009 2695 λίαν
1056 2661 1193 2705 σοφῶν
1226 2654 1232 2706 Ι
1267 2652 1377 2706 ὄχλος
1425 2660 1601 2706 κρατῶν,
1644 2666 1753 2703 quae
1800 2655 1951 2705 verba,

255 2723 350 2763 coll.
397 2723 542 2773 Eurip.
589 2724 716 2774 Hipp.
760 2725 869 2773 518;
918 2724 1025 2764 Med.
1070 2724 1174 2773 305,
1218 2724 1383 2772 tragico
1426 2725 1578 2771 poetae
1619 2722 1815 2762 sublecta
1856 2732 1953 2762 esse

255 2790 522 2840 suspicabar.
