2216 3522
1104 210 1186 251 164

258 334 341 382 (Fr.
376 336 459 375 391
479 338 534 381 a).
582 333 723 374 Huius
770 332 944 374 rabulae
985 332 1287 384 fragmentum
1320 343 1456 374 unum
1489 335 1535 375 et
1565 333 1883 386 quinquaginta
1913 345 2029 378 com·

320 403 497 453 plexum
548 412 701 443 versus
747 401 878 452 primi
919 401 1148 442 ediderunt
1189 402 1380 443 Grenfell
1422 403 1467 442 et
1509 402 1630 443 Hunt
1671 404 1714 444 in
1757 404 2027 455 Papyrorum

321 471 781 521 Oxyrrhynchicorum
814 470 938 520 parte
969 469 1109 510 altera
1139 479 1238 520 pag.
1276 470 1448 510 11—20
1479 479 1519 511 a.
1557 471 1683 522 1899,
1716 471 1831 512 unde
1862 482 2028 514 comoe-

320 540 417 580 diae
457 540 767 588 argumentum
801 538 912 580 satis
951 538 1241 587 cognoscitur.
1281 539 1378 588 Ipse
1409 540 1609 579 recensui
1646 539 1689 580 in
1723 539 2030 590 Mnemosynen

323 608 405 648 vol.
439 607 623 647 XXVIII
659 618 698 657 p.
735 607 817 646 119
850 616 943 655 sqq.

260 678 343 724 (Fr.
376 678 458 716 391
482 676 534 720 b).
579 675 610 714 Ε
650 674 816 714 scholio
858 674 1022 714 inedito
1065 675 1118 715 ad
1150 676 1225 715 Ar.
1257 675 1367 715 Plut.
1400 676 1456 715 35
1499 674 1699 716 eiusdem
1731 675 1906 717 fabulae
1935 686 2028 727 pro·

321 745 423 784 tulit
465 742 701 783 Iernstedt:
744 740 811 780 καὶ
854 739 1099 793 Μένανδρος
1130 740 1173 781 ἐν
1207 740 1533 797 Περικειρομένῃ·
1567 741 1618 782 τὸ
1650 740 1703 782 δὲ
1733 742 2029 794 κεφάλαιον

262 817 274 830 f
320 810 461 851 οὔπω
492 809 769 862 λογίζομαι
801 808 888 848 τὸν
921 809 1195 863 δεσπότην·
1226 809 1418 862 γράφεται
1444 808 1756 862 προστιθέμενος
1781 805 1858 852 οὖν
1882 809 2029 852 ἑαυτοῦ

320 879 411 920 υἱὸν
444 877 806 930 Χριστοφάνηςθ).
840 877 965 918 Unde
998 878 1067 918 hic
1097 878 1259 920 saltem
1292 879 1434 928 prodit
1464 880 1686 920 senarius:

706 945 749 986 τὸ
781 943 824 985 δὲ
855 945 1075 996 κεφάλαιον
1107 944 1356 988 οὐ<δέ>πω
1388 947 1594 1000 λογίζομαι

709 1020 761 1068 τῷ
794 1012 967 1068 δεσπότῃ
986 1015 1036 1060 (P)

320 1083 502 1131 Reliqua
534 1092 619 1122 non
651 1081 848 1131 expedio.

264 1152 330 1191 Fr.
365 1151 465 1200 393,
501 1151 540 1190 2.
590 1154 760 1199 κοῦφον.
803 1149 898 1189 Vid.
942 1159 1006 1189 vs.
1039 1150 1081 1199 4,
1124 1149 1240 1189 unde
1280 1151 1464 1200 apparet
1494 1160 1625 1200 quam
1660 1151 1806 1202 inepte
1836 1150 1902 1191 Bl.
1934 1161 2030 1192 con·

320 1219 471 1259 iecerit
525 1216 706 1269 χρηστὸν.
764 1217 838 1257 Vs,
882 1218 922 1257 2.
972 1217 1073 1257 Sine
1120 1228 1254 1258 causa
1299 1218 1456 1258 idonea
1502 1219 1617 1259 idem
1666 1215 1744 1271 μέγ’
1793 1217 1911 1272 ἔργον
1955 1228 2032 1269 pro

320 1288 538 1336 μεγαλεῖον.

262 1355 329 1393 Fr.
357 1346 463 1407 295,
499 1354 538 1392 2.
632 1350 673 1391 ἐκ
704 1357 772 1403 τῆς
803 1351 956 1399 πόλεως
987 1351 1030 1392 τό
1063 1352 1237 1393 σύνολον
1269 1351 1441 1404 gatavida,
1471 1352 1636 1403 φίλος-ι

320 1422 499 1470 Propter
527 1430 567 1459 v.
586 1419 612 1459 l.
641 1422 791 1458 θᾶττον
819 1420 1014 1460 Meineke
1043 1421 1231 1461 coniecit
1258 1421 1406 1470 Φίλων,
1432 1420 1439 1472 Ι
1467 1423 1627 1461 θᾶττον.
1662 1421 1837 1471 Optime
1862 1421 2030 1462 dictum

319 1494 481 1536 θᾶττον,
521 1489 632 1536 quod
676 1488 903 1527 levissime
939 1488 1003 1528 Bl.
1036 1489 1081 1528 in
1113 1488 1210 1540 τάχυ
1243 1491 1320 1529 aut
1345 1484 1387 1528 ’ν
1421 1488 1525 1541 τάχει
1557 1491 1731 1529 mutare
1763 1488 1921 1540 voluit,
1952 1489 2031 1529 sed

318 1557 487 1596 servari
519 1556 662 1605 potuit
696 1555 828 1605 φίλος,
859 1556 973 1605 quod
1006 1557 1230 1596 interdum
1268 1567 1344 1606 pro
1383 1557 1587 1597 vocat-ivo
1620 1557 1771 1597 Graeci
1804 1558 2032 1607 usurpant.

267 1625 333 1664 Fr.
369 1612 469 1690 39ζν.
695 1619 784 1662 οὐδ’
819 1622 939 1671 αὐτός
970 1623 1049 1674 εἶμι
1081 1623 1175 1663 σὺν
1206 1627 1356 1672 θεοῖς
1388 1623 1599 1673 ὑπόξυλος.

321 1691 574 1741 Significare
621 1691 735 1731 solet
774 1690 966 1731 formula
1009 1691 1094 1731 dis
1136 1692 1489 1743 iuvantibus,
1531 1703 1612 1733 nec
1651 1692 1780 1732 aliter
1820 1692 1892 1732 hic
1921 1693 2029 1733 acci·

321 1760 539 1810 piendum.
573 1759 770 1798 Pessime
801 1761 1002 1806 παντελῶς
1034 1760 1222 1800 coniecit
1251 1760 1315 1800 Bl.
1351 1761 1555 1801 Sincerus
1586 1760 1698 1810 quod
1730 1760 1861 1800 homo
1886 1760 1964 1811 sit,
1992 1760 2031 1800 is

319 1829 391 1876 qui
425 1828 616 1876 loquitur
648 1827 715 1866 dis
747 1827 838 1876 agit
869 1827 1048 1876 gratias.

262 1896 327 1934 Fr.
363 1896 462 1935 400.
497 1895 558 1934 De
599 1892 806 1943 ἁνέπαφος
850 1895 935 1934 vid.
979 1894 1151 1935 lexicon
1184 1906 1335 1936 meum
1368 1897 1509 1947 suppl.
1543 1898 1588 1936 et
1618 1896 1719 1936 dial.
1753 1907 1792 1946 p.
1827 1897 1884 1937 73
1916 1905 1953 1936 s.
1987 1906 2028 1937 v.

321 1963 400 2001 Pro
432 1959 520 2002 οὐὸ’
558 1961 625 2016 ἕλῃ
659 1962 779 2002 Kock
811 1959 896 2002 οὐδ’
931 1960 1059 2001 ἕλκειν
1090 1961 1207 2014 ἐχρῆν
1239 1965 1458 2014 proponit,
1497 1966 1543 2004 et
1574 1963 1724 2014 procul
1756 1963 1887 2004 dubio
1917 1963 2027 2004 eius·

318 2030 433 2070 modi
467 2030 568 2078 quid
597 2030 843 2078 requiritur,
881 2030 959 2069 scd
991 2032 1140 2070 utrum
1174 2031 1274 2081 hoc,
1304 2041 1360 2071 an
1386 2029 1512 2071 ἕλκειν
1538 2026 1575 2070 σ’
1605 2029 1738 2083 ἐχρῆν,
1763 2041 1820 2071 an
1842 2029 2028 2071 ἕλκυσῐέα

319 2107 468 2136 verum
504 2097 564 2136 sit
594 2097 676 2136 dici
709 2097 874 2145 nequit.

259 2166 325 2205 Fr.
358 2166 459 2204 403.
506 2165 600 2204 Non
641 2165 922 2205 satisfaciunt
963 2166 1075 2205 mihi
1117 2167 1365 2216 propositae
1406 2167 1700 2217 coniecturae,
1742 2167 1901 2216 quibus
1940 2177 2027 2208 non

315 2232 541 2272 meliorem
574 2232 740 2271 addidit
773 2233 854 2280 Bl.;
890 2242 968 2272 nec
995 2235 1139 2273 certas
1162 2234 1255 2283 ipse
1281 2234 1462 2284 reperio.
1495 2234 1695 2284 Cogitavi
1721 2235 1774 2275 de
1800 2234 2028 2276 scribendo

318 2310 380 2339 vs.
415 2301 439 2338 2
472 2310 564 2349 sqq.
598 2295 671 2338 εἴθ’
708 2303 800 2349 (pro
831 2295 911 2346 εἶτ’)
944 2296 1003 2351 ἄρ’
1039 2298 1131 2352 οὐχί
1159 2304 1235 2348 (sc.
1268 2297 1374 2353 εἶχον
1406 2300 1647 2353 ἐπίκληρον).
1680 2302 2025 2355 κυρίαν-χαλε-

316 2367 518 2416 πωτάτην,
559 2369 636 2406 aut
676 2361 738 2404 εἶτ’
785 2363 841 2417 ἄρ’
888 2364 976 2419 οὐχὶ
1018 2366 1163 2419 κυρίαν
1196 2390 1251 2396 -—
1285 2368 1586 2421 χαλεπωτάτηνς
1627 2370 1741 2420 quod
1779 2370 1818 2410 si
1850 2380 2024 2422 verum,

318 2434 597 2473 vertendum:
671 2434 910 2474 Uxorem
983 2435 1159 2475 habeo
1230 2437 1543 2486 epiclerum
1618 2438 2026 2488 turpissimam

315 2505 507 2547 (nonne
539 2502 637 2541 hoc
670 2501 776 2541 tibi
809 2502 960 2542 dixi?
1004 2505 1098 2550 [aut
1129 2504 1225 2544 sine
1257 2505 1601 2555 interrogatione
1634 2506 1733 2546 hoc
1773 2506 1879 2547 tibi
1921 2516 2027 2547 non

314 2569 486 2617 dixi]);
533 2579 713 2609 nonne
755 2580 881 2619 ergo
922 2570 1202 2611 dominam
1244 2572 1492 2623 aedium,
1538 2583 1818 2625 agrorum,
1859 2575 2024 2624 patri·

315 2637 485 2675 monii
545 2637 728 2676 omnis
791 2637 1076 2686 habemus,
1133 2638 1241 2688 pol,
1300 2650 1461 2688 quam
1518 2640 2027 2682 molestissimam?

317 2699 412 2741 Εἶτα
454 2703 777 2753 indignabunde
818 2704 1017 2753 rogantis
1058 2715 1157 2744 esse
1200 2706 1298 2754 quis
1339 2706 1512 2746 nescit?
1551 2706 1847 2748 Nihilominus
1877 2717 2030 2749 vereor

315 2774 362 2809 ut
403 2772 508 2811 haec
548 2771 782 2812 sufficiant.
825 2772 1022 2812 Iudicent
1063 2773 1151 2813 alii.
1196 2773 1288 2813 Hoc
1325 2774 1486 2814 saltem
1520 2775 1628 2814 mihi
1661 2777 1835 2815 constat
1868 2785 1949 2816 nec
1979 2768 2024 2815 εὖ

311 2838 384 2889 γὰρ
422 2834 542 2877 οἶσθα
576 2840 670 2885 (Bi.)
704 2840 804 2879 ferri
837 2850 965 2890 posse
998 2843 1043 2880 et
1073 2840 1240 2880 frustra
1269 2841 1501 2881 sollicitari
1533 2840 1672 2893 ἔχομεν
1707 2852 1770 2882 vs.
1803 2844 1845 2883 4.

254 2906 319 2945 Fr.
355 2907 454 2955 405,
491 2908 530 2947 8.
623 2913 693 2958 τῆς
725 2907 884 2958 μερίδος
916 2905 983 2947 ὢν
1016 2913 1084 2958 τῆς
1116 2907 1301 2958 οὐδαμοῦ
1333 2907 1667 2962 τεταγμένης.

313 2974 497 3013 Multum
530 2974 680 3014 dubito
711 2975 763 3015 de
796 2975 997 3015 Meinekii
1029 2978 1075 3016 et
1106 2975 1259 3016 Kockii
1289 2976 1478 3017 lectione
1504 2974 1757 3029 τεταγμένος,
1782 2977 1885 3027 quia
1910 2977 2024 3028 apud

313 3044 482 3080 veteres
509 3043 745 3091 scriptores
777 3044 937 3083 atticos
963 3053 1049 3083 non
1081 3043 1265 3083 memini
1297 3054 1369 3084 me
1401 3046 1568 3084 certum
1597 3044 1849 3094 exemplum
1878 3043 2024 3095 legere

308 3111 555 3148 structurae
606 3110 880 3158 sequioribus
936 3113 980 3150 et
1037 3111 1299 3160 praesertim
1342 3111 1602 3161 Byzantinis
1648 3110 2025 3153 familiarissimae

305 3175 513 3224 dupliciti
543 3178 778 3226 participIi,
807 3178 936 3227 quale
964 3181 1033 3218 est
1050 3175 1108 3217 ὢν
1124 3176 1819 3231 τεταγμένος-2τεταγμένος,(ιυο(1
1837 3178 2022 3229 probum

308 3252 406 3282 esse
454 3253 539 3282 non
588 3246 770 3293 apparet
817 3255 871 3284 ex
920 3256 999 3284 usu
1042 3245 1211 3285 dicendi
1254 3243 1352 3297 ἐστὶ,
1391 3239 1462 3298 ἦν,
1501 3248 1583 3286 etc.
1627 3256 1727 3287 cum
1772 3245 2017 3296 participio.
