2216 3522
1146 234 1202 278 66

297 366 362 407 Fr.
396 366 466 415 33,
500 367 540 405 4.
582 361 623 404 ἐκ
665 366 821 403 πολλῶν
852 361 948 403 ἐτῶν
979 365 1081 413 apte
1112 362 1285 412 supplet
1319 360 1474 402 Naber.
1513 359 1689 410 Aliquid
1719 358 1880 401 saltem
1910 358 2059 400 huius-

353 434 468 474 modi
501 436 556 479 (v.
588 443 623 472 c.
657 430 699 471 ἐκ
730 434 879 471 πολλοῦ
910 430 1070 483 χρόνον)
1102 430 1324 471 sententia
1354 429 1578 479 postulare
1609 428 1793 469 videtur.

296 503 360 542 Fr.
394 503 463 541 34.
499 500 730 549 perperam
763 498 879 555 δείνῳ
906 501 1086 539 revocat
1113 498 1197 548 Bl.,
1226 497 1414 538 formam
1443 497 1648 537 itacismo
1675 497 1940 547 corruptam.

296 571 362 609 Fr.
391 570 461 609 36.
490 569 537 608 In
566 568 716 607 Kockii
743 567 1049 617 supplemento
1076 567 1185 606 bene
1212 565 1276 605 Bl.
1306 565 1486 615 requirit
1508 569 1626 615 τριῶν
1643 560 1680 604 δ’
1710 562 1933 604 ἐδείπνουν.
1948 563 2060 605 Reli·

353 648 438 686 qua
466 636 603 686 ipsius
629 636 876 675 tentamina
901 645 998 685 pag.
1032 634 1088 674 88
1116 635 1160 673 et
1192 633 1318 673 Add.
1351 643 1449 683 pag.
1483 633 1567 672 327
1595 631 1760 672 nullius
1787 633 1894 672 sunt
1917 631 2062 682 pretii,

297 706 360 744 Fr.
395 706 464 753 37,
504 706 537 743 1.
573 700 616 742 δέ
647 713 721 752 pro
752 716 790 741 τε
823 702 885 742 Bl.
918 701 1230 742 Deficientibus
1261 700 1550 751 praegressis,
1583 700 1705 741 deest
1737 699 1976 742 criterium.

299 774 365 813 Fr.
399 774 468 811 40.
503 772 639 811 Locus
671 770 908 811 obscurior.
941 769 1067 820 Vide,
1101 770 1138 809 si
1170 769 1282 809 tanti
1315 770 1402 819 est,
1436 768 1522 819 BL,
1556 778 1743 818 quocum
1772 768 1885 809 facio
1908 769 2062 809 contra

353 840 564 880 Kockium
597 840 747 878 tuente
778 837 963 878 Dobraei
986 837 1363 888 supplementum,
1398 836 1475 876 sed
1507 846 1584 886 pro
1615 831 1754 876 τοῦθ’
1783 834 1880 888 ὅπερ
1904 834 2060 876 malim

353 903 495 947 ταῦθ’
533 906 639 957 ὅπερ.

295 978 360 1016 Fr.
395 978 464 1024 45,
501 976 539 1014 2.
576 975 647 1014 Ar.
682 974 781 1014 Pac.
819 975 902 1014 169
935 974 1009 1014 eft.
1044 972 1108 1013 Bl.

295 1046 359 1084 Fr.
395 1045 463 1093 47,
500 1044 539 1083 2.
573 1043 756 1092 Insuper
802 1043 876 1083 Ar.
918 1042 1049 1092 Vesp.
1092 1041 1178 1081 984
1221 1040 1295 1081 eft.
1329 1040 1415 1091 BL,
1458 1040 1532 1090 qui
1565 1050 1628 1081 vs.
1663 1041 1689 1079 3
1730 1039 1848 1080 male
1878 1038 2062 1091 requirit

351 1109 615 1160 ὀπιττοτίλαν,
644 1110 741 1152 ooll.
774 1110 983 1150 boeoticis
1014 1108 1123 1159 ἴττω,
1154 1106 1429 1160 ἕπιχαρίττως,
1462 1118 1566 1149 nam
1597 1107 1687 1147 ἴττω
1705 1106 1870 1148 εἴστω
1901 1108 1947 1149 et
1976 1104 2061 1147 ἐπι-

349 1181 562 1231 χαριττω(ς)
590 1178 617 1218 f.
651 1176 679 1218 l.
713 1179 782 1218 est
813 1178 921 1218 Ach.
955 1177 1039 1218 867
1073 1188 1150 1228 pro
1181 1175 1429 1229 ἐπεχαρίττα).
1470 1177 1536 1217 Ad
1570 1186 1634 1217 vs.
1669 1177 1696 1216 4
1728 1175 1904 1217 inutilia
1933 1184 2059 1226 quae-

350 1247 452 1287 dam
484 1247 629 1286 tentat
660 1246 794 1295 idem,
827 1256 851 1286 e
883 1246 1040 1295 quibus
1071 1245 1216 1285 solum
1249 1245 1351 1285 ferri
1384 1245 1705 1295 quodammodo
1740 1246 1890 1295 potest
1917 1241 1988 1284 τὸν
2018 1242 2056 1284 δ’

350 1314 539 1364 ἰώμενον,
578 1313 653 1353 sed
691 1313 874 1353 meliora
904 1314 1094 1363 reperies
1125 1313 1238 1362 apud
1276 1313 1505 1352 Kockium.
1540 1335 1594 1341 —
1626 1312 1701 1353 Vs.
1734 1314 1774 1353 5.
1807 1312 1963 1353 Nescio
1993 1321 2050 1352 an

349 1383 440 1422 iure
476 1383 649 1421 revocet
682 1378 724 1419 δὲ
755 1383 855 1430 post
870 1378 1068 1432 βέφυραν,
1094 1382 1144 1420 ut
1171 1380 1367 1420 boeotice
1384 1396 1408 1420 v
1436 1380 1568 1421 breve
1585 1380 1731 1421 fuerit.
1749 1402 1800 1408 -
1823 1379 1898 1421 Vs.
1916 1379 1959 1422 8.
1975 1393 2063 1420 νεο-

349 1449 549 1500 σπάτητον
591 1448 703 1488 coni.
754 1448 956 1497 Blaydes.
1009 1448 1095 1488 Res
1142 1457 1229 1488 non
1270 1449 1417 1498 potest
1456 1447 1685 1488 diiudicari
1725 1450 1772 1488 et
1811 1447 1955 1488 satius
1984 1445 2065 1488 'est

349 1517 458 1558 nihil
491 1527 669 1557 novare.

296 1586 363 1626 Fr.
398 1588 467 1626 51.
516 1585 789 1635 Quamquam
837 1584 1102 1624 adversante
1148 1584 1232 1635 Bl.‚
1282 1594 1383 1624 cum
1435 1583 1602 1624 Kockio
1647 1585 1824 1634 propter
1869 1585 2062 1624 metrum

349 1653 503 1694 malim
549 1651 603 1703 μὴ
650 1650 769 1703 χέσαι.
805 1674 857 1678 ——
892 1652 966 1692 Vs.
1001 1652 1026 1691 2
1075 1650 1286 1702 ἀσωτεῖον,
1331 1654 1380 1692 ut
1426 1654 1545 1692 recte
1587 1652 1783 1693 Meineke
1829 1652 2061 1703 scripsisse

349 1723 522 1762 videtur
553 1731 629 1771 pro
661 1718 851 1771 ἀσώτιον,
892 1720 1081 1760 fortasse
1123 1719 1234 1760 nihil
1273 1730 1508 1761 commune
1538 1719 1672 1761 habet
1703 1730 1802 1761 cum
1834 1719 1892 1771 gl.
1923 1719 2060 1771 Hesy-

350 1791 507 1830 chiana
540 1788 798 1828 Ἀσώπιον·
831 1787 951 1836 τόπος
985 1787 1188 1843 Ἀθήνῃσι.

294 1859 359 1898 Fr.
395 1859 464 1908 59,
499 1858 539 1897 3.
588 1857 651 1896 Bl.
699 1857 844 1908 κοτύλη
891 1853 927 1895 δ’
979 1854 1057 1895 ἀνὰ
1099 1852 1234 1908 χοίνικ’
1279 1854 1525 1908 ἀπαρκεῖ,
1565 1856 1715 1907 procul
1756 1855 1886 1897 dubio
1926 1855 2059 1907 18180,

349 1935 485 1976 parva
515 1925 634 1965 enim
662 1924 745 1964 cibi
768 1935 976 1965 mensura
1002 1925 1181 1975 pauperi
1209 1935 1295 1965 non
1324 1925 1467 1975 magis
1493 1935 1626 1974 quam
1652 1924 1778 1965 diviti
1809 1923 2059 1975 sufficit,

348 1994 452 2033 licet
481 1991 680 2032 sufficere
706 1992 875 2032 debeat.
908 1992 1215 2042 Intellegerem
1244 1992 1473 2044 κοτύλην
1506 1989 1557 2043 δ’,
1586 1991 1878 2045 <οὗ>χοίνιοια
1908 1990 2062 2044 μάττει,

349 2062 521 2111 qualem
561 2060 826 2110 scripturam
868 2060 1047 2110 perdere
1088 2061 1230 2111 potuit
1273 2061 1509 2111 explicatio
1544 2060 1692 2113 κοτύλη
1722 2058 1841 2100 ἀντὶ
1870 2059 2055 2113 χοίνικος.

348 2131 508 2169 Notum
540 2131 609 2169 est
639 2127 794 2180 χοίνικα
826 2128 964 2169 fuisse
995 2129 1123 2179 panis
1154 2130 1298 2169 diurni
1329 2139 1604 2170 mensuram.

291 2199 358 2238 Fr.
393 2199 461 2247 ul,
501 2199 537 2237 1.
570 2191 679 2243 οἶνος
716 2193 838 2237 <δὲ>
875 2196 1042 2249 κοχυδεῖ
1066 2197 1151 2247 BL,
1186 2208 1317 2247 quem
1350 2208 1437 2238 non
1469 2208 1641 2248 sequar.

291 2266 355 2305 Fr.
390 2267 459 2306 62.
502 2264 539 2303 τί
578 2260 614 2303 δ’
659 2263 790 2315 ὥσπερ
832 2264 874 2303 οἱ
911 2265 1192 2317 σταδιοδρόμοι
1230 2265 1540 2318 aemulandam
1580 2265 1642 2307 Cf.
1678 2264 1839 2306 Herod.
1872 2264 1954 2305 VH
1984 2265 2056 2317 59,

348 2333 418 2372 ubi
462 2333 698 2372 Adimanto
738 2332 901 2372 dicenti
944 2327 974 2372 ὦ
1009 2332 1304 2385 Θεμιστοκλέες,
1344 2332 1388 2374 ἐν
1424 2336 1524 2374 τοῖσι
1556 2331 1682 2387 ἀγῶσι
1712 2332 1755 2374 οἱ
1776 2331 2058 2385 προεξανιστά-

346 2415 456 2451 μενοι
487 2400 717 2451 ῥαπίζονται
749 2403 925 2451 praetor
957 2402 1296 2443 Atheniensium
1328 2402 1551 2453 praeclare
1583 2402 1840 2453 respondet:
1873 2400 1917 2442 ot
1942 2399 1988 2442 δέ
2015 2415 2060 2456 γε

346 2467 714 2520 ἐγκαταλειπόμενοι
746 2467 795 2509 οὐ
827 2475 1132 2520 στεφανεῦνται.

291 2538 353 2575 Fr.
389 2539 458 2576 63.
493 2537 555 2576 Bl.
598 2536 821 2587 διαβαίνειν
869 2538 983 2587 apud
1026 2538 1250 2579 Pollucem
1291 2539 1407 2579 male
1439 2539 1483 2579 in
1516 2538 1764 2591 περιβαίνειν
1795 2537 2056 2579 mutandum

347 2615 444 2643 osse
485 2605 750 2654 suspicatur,
794 2615 894 2644 nam
944 2605 1050 2645 illud
1092 2607 1317 2656 proprium
1361 2606 1443 2646 hac
1483 2606 1530 2646 in
1571 2617 1617 2647 re
1660 2606 1845 2647 verbum
1886 2607 1976 2654 est;
2015 2605 2056 2646 si

346 2672 446 2720 quid
488 2672 770 2721 mutandum,
814 2673 960 2723 potius
1006 2682 1196 2723 sequens
1235 2673 1461 2726 περιβάδην
1493 2674 1538 2714 in
1571 2673 1771 2726 διαβάδην
1802 2674 2057 2715 converten-

346 2739 449 2779 dum
482 2749 580 2779 esse
613 2739 727 2779 credi
760 2740 912 2789 possit.

292 2806 354 2845 Fr.
387 2808 441 2845 05
474 2816 496 2845 e
524 2806 672 2846 fabula
697 2806 879 2859 Σάτυρος
906 2807 1209 2859 περικαιόμενος
1236 2811 1437 2849 sumtum
1478 2818 1577 2850 esse
1619 2809 1730 2849 Vidit
1755 2801 2070 2850 Reitzensteilf

350 2874 436 2911 lnd.
475 2874 572 2913 lect.
616 2875 818 2915 Rostock.
866 2874 1069 2927 1891192,
1102 2886 1141 2926 p.
1180 2877 1247 2916 13.
1290 2875 1566 2917 Coniecturis
1604 2876 1726 2917 addit
1768 2876 1832 2917 ΒΙ.
1874 2871 1954 2916 ἀλλ’
1996 2868 2053 2916 εὖ

347 2939 491 2988 μέλλεις
524 2939 738 2992 κάνδρείως
770 2942 908 2997 σῴζειν
939 2942 1068 2995 ὥσπερ
1099 2941 1177 2994 uti,
1207 2946 1252 2984 et
1283 2940 1361 2983 ἀλλ’
1399 2937 1494 2984 οὖν
1524 2942 1599 2983 κτὲ.
1884 2935 1886 2938 ’

291 3006 355 3046 Fr.
390 3008 459 3046 67.
491 3008 588 3058 βοῦς
631 3007 738 3061 (γὰρ
773 3010 842 3050 vel
875 3023 968 3058 τις>
1010 3011 1142 3052 idem.

290 3074 353 3114 Fr.
374 3076 441 3115 74.
464 3077 591 3116 Recte
611 3077 797 3126 Blaydes
816 3077 1024 3129 διάτραμιν
1041 3089 1118 3130 pro
1136 3078 1360 3131 διατράμιν.
1381 3078 1463 3120 cst.
1480 3078 1738 3133 τερπότραμις
1755 3078 1960 3120 Teleclid.
1978 3079 2051 3121 66.

286 3207 574 3265 Theopompi
604 3213 653 3252 fr.
678 3215 716 3253 3.
749 3214 843 3253 Iure
878 3214 1043 3265 Nauck,
1073 3214 1255 3266 probata
1281 3215 1582 3256 Valckenaerii
1600 3216 1851 3257 coniectura
1865 3213 2053 3269 χρυσίων,

346 3281 571 3328 proposuit.
603 3277 803 3330 ὠνόμαζεν
836 3280 899 3320 ἄν.
