2216 3522
1131 216 1212 255 102

347 341 487 391 καλήν,
512 343 588 381 aut
615 342 792 390 accepto
814 334 1003 390 <οἷμαι>
1032 350 1059 379 a
1084 339 1273 380 Kockio:
1300 353 1340 378 π.
1367 355 1405 391 μ.
1431 338 1454 379 ἔ
1460 354 1534 391 χει
1563 342 1654 390 (pro
1680 334 1768 391 εἶχ’
1799 333 1844 386 ὦ)
1865 336 2049 389 Χαριάδη

346 424 381 447 κ.
398 424 431 447 κ.
458 409 573 449 Bene
596 412 743 448 autem
772 407 991 448 intellexit
1013 409 1190 457 propter
1211 405 1316 446 ἐστὶν
1334 418 1398 448 vs.
1418 408 1443 447 3
1467 407 1571 447 ferri
1587 417 1672 448 non
1694 417 1825 457 posse
1841 406 2051 447 traditum

347 476 489 525 impft.
522 471 608 527 εἶχε.

289 544 355 583 Fr.
408 544 473 593 12,
512 545 530 583 1
581 544 676 593 lege
721 541 898 595 φαγέμεν
942 553 1019 592 pro
1066 545 1224 595 φαγεῖν,
1271 544 1319 582 ut
1366 545 1483 583 recte
1524 543 1731 583 scribitur
1772 552 1837 582 vs.
1879 541 1920 590 3,
1962 550 2049 581 non

346 617 529 663 φαγῆμεν
575 622 676 651 cum
723 610 801 659 Bl.,
844 610 956 659 quod
998 620 1083 651 non
1125 612 1195 650 est
1240 610 1510 661 boeoticum,
1554 620 1693 660 neque
1733 610 1867 660 igitur
1907 608 2049 649 eidem

345 679 735 729 obtemperandum
753 688 818 718 VS.
843 679 868 718 3
892 678 1084 718 tentanti
1109 676 1230 729 μικρὰ
1255 674 1299 717 δὲ
1322 683 1508 730 φαγῆμεν
1532 688 1609 728 pro
1631 675 1698 717 καὶ
1720 676 1840 729 μικρὰ
1861 675 2051 729 φαγέμεν.

347 747 440 787 Non
489 747 632 796 magis
689 746 908 795 probanda
964 756 1064 786 cum
1122 747 1275 787 eodem
1332 745 1533 786 Meinekii
1584 746 1837 786 coniectura
1881 746 1964 792 (vs.
2015 744 2054 791 1)

345 820 536 865 πονῆμεν.
568 814 743 864 Optime
774 814 946 853 Ahrens
977 813 1126 853 πώνειν
1156 811 1239 864 μὲν.
1272 813 1355 854 Sed
1389 813 1475 853 vid.
1510 813 1645 854 Kock.

288 883 354 922 Fr.
389 884 454 931 14,
479 884 513 922 1.
543 882 771 922 Facilitate
797 891 952 921 omnes
978 882 1256 922 coniecturas
1281 885 1463 932 superat
1488 881 1764 921 Meinekiana
1787 878 1843 932 μὴ
1874 877 2025 932 (μὴ).

287 951 352 990 Fr.
390 952 455 999 15,
490 952 529 990 5.
564 950 645 990 Pro
686 949 831 996 κύκλος
863 949 926 989 Β1.
959 948 1088 1000 τόμος.
1120 950 1378 990 Necessaria
1407 949 1502 990 scil.
1535 951 1580 990 et
1611 949 1790 999 elegans
1821 947 2050 996 correctio,

344 1028 444 1058 cum
477 1018 734 1067 praesertim
768 1027 832 1056 ve.
866 1017 890 1056 7
924 1017 968 1056 in
1000 1017 1155 1057 eadem
1181 1017 1285 1058 sede
1311 1019 1523 1066 sequatur
1548 1013 1726 1067 τόμοςΙΙ
1749 1015 1811 1056 De
1836 1015 2055 1056 industria

343 1089 471 1136 poeta
519 1085 679 1135 duplici
723 1084 931 1126 vocabulo
974 1094 1226 1125 sermonem
1270 1085 1532 1125 variaverat.
1575 1085 1745 1124 Bonum
1787 1083 1955 1124 factum
1986 1082 2051 1122 Bl.

342 1155 440 1202 post
463 1154 688 1193 inventam
714 1153 1076 1201 typographicam
1105 1154 1247 1193 artem
1274 1154 1429 1193 natum
1453 1162 1575 1202 esse;
1603 1153 1673 1192 sin
1696 1151 1863 1203 minus,
1891 1150 2051 1192 bonam

344 1224 515 1270 partem
547 1220 795 1260 litterarum
828 1219 1026 1260 funditus
1054 1221 1333 1270 corrupisset.
1370 1220 1455 1260 Pro
1481 1231 1639 1271 στερανι
1667 1219 1718 1260 R.
1746 1219 1854 1259 Ellis
1884 1214 2056 1270 πτερνΡ,

345 1288 407 1328 Bl.
439 1284 569 1338 περνί’
605 1290 944 1339 proposuerunt,
978 1288 1055 1328 sed
1089 1298 1192 1328 vera
1225 1288 1396 1328 videtur
1427 1287 1629 1328 Meinekii
1661 1287 1926 1327 emendatio.
1957 1285 2054 1326 Vid.

344 1356 507 1396 Jacobii
537 1356 671 1395 Index
697 1367 733 1395 s,
753 1366 792 1395 ν.
819 1354 998 1406 κρανίον.
1018 1378 1069 1384 -
1099 1355 1172 1396 Vs.
1207 1357 1273 1396 12.
1302 1356 1438 1397 Multo
1464 1355 1732 1406 probabilius
1758 1354 1880 1395 Kock
1905 1351 2055 1393 σαυτὸν

344 1423 468 1478 δάκῃς
509 1433 585 1472 pro
624 1422 771 1474 συχνὸν
804 1422 957 1478 δράμῃς
990 1433 1123 1472 quam
1161 1424 1224 1463 Bl.
1259 1423 1433 1478 κλαύσῃς
1474 1422 1628 1474 μακρά,
1658 1423 1771 1472 quod
1804 1422 1881 1463 vix
1911 1421 2056 1472 potuit

345 1492 408 1532 sic
450 1492 686 1542 corrumpi,
729 1491 805 1531 sed
847 1501 912 1531 vs.
949 1492 999 1531 11
1044 1491 1141 1531 sine
1182 1501 1316 1531 causa
1357 1491 1514 1531 idonea
1543 1491 1667 1531 Kock
1697 1486 1730 1541 μ’
1767 1487 1947 1546 ἀποδρᾳς
1977 1499 2054 1540 pro

345 1555 493 1610 μήποθ’
525 1557 597 1609 ὡς,
622 1559 735 1608 quod
763 1560 830 1599 est
856 1558 1166 1609 sanissimum,
1194 1569 1298 1599 nam
1321 1569 1385 1599 vs.
1409 1559 1460 1598 12
1487 1556 1553 1597 καὶ
1579 1560 1649 1598 est
1674 1558 1847 1599 etiam
1873 1567 1961 1598 non
1985 1558 2053 1598 et.

289 1628 355 1667 Fr.
390 1628 460 1677 27,
495 1628 533 1667 2.
568 1624 676 1674 ὄντες
708 1636 784 1676 pro
816 1624 930 1666 αὐτοὶ
956 1626 1021 1666 Bl.
1050 1637 1206 1676 parum
1232 1626 1525 1676 probabiliter.
1560 1624 1691 1673 Αὐτὸς
1723 1625 1833 1666 bene
1863 1624 2056 1676 explicat

347 1694 485 1744 Kock,
519 1694 595 1734 sed
628 1692 736 1742 ὄντες
768 1694 956 1734 fortasse
988 1694 1071 1734 fuit
1102 1695 1147 1734 in
1181 1705 1243 1734 vs.
1277 1696 1503 1743 sequente.

287 1763 355 1802 Fr.
385 1763 440 1802 28
467 1772 544 1812 pro
571 1762 711 1812 ipsius
737 1762 980 1802 Ptolomaei
1005 1761 1174 1802 Chenni
1190 1761 1402 1812 figmento
1418 1762 1551 1802 habet
1566 1761 1716 1802 Nauck
1734 1761 1831 1802 Mel.
1848 1761 1908 1801 VI
1923 1772 1964 1812 p.
1982 1761 2054 1802 93.

287 1831 353 1870 Fr.
387 1831 458 1880 31,
492 1832 540 1870 ut
571 1830 789 1879 quondam
814 1830 982 1879 monui,
1015 1830 1174 1870 dicitur
1205 1829 1258 1869 ab
1291 1830 1470 1869 homine
1496 1830 1675 1879 pauperi
1700 1831 1746 1870 et
1774 1839 1948 1881 vorace,
1981 1829 2055 1879 qui

346 1899 454 1938 nihil
485 1899 664 1938 omnino
695 1898 738 1937 in
772 1898 936 1947 patinis
963 1897 1207 1946 relinquere
1234 1897 1416 1938 solebat.
1444 1897 1592 1947 Impft.
1620 1896 1858 1950 εἰργαζόμην
1882 1897 1927 1945 (l.
1952 1894 2054 1950 ἠργ.)

347 1965 479 2005 verba
509 1962 609 2016 ἡνίκ’
643 1959 694 2017 ἧν
726 1968 795 2011 (=
818 1959 857 2016 ἦ,
889 1965 975 2005 nisi
1005 1966 1069 2005 sic
1101 1965 1422 2015 corrigendum)
1456 1965 1543 2012 νέος
1581 1966 1731 2006 tuetur
1761 1976 1788 2006 a
1818 1965 2057 2007 temeraria

347 2033 498 2073 Kockii
529 2034 780 2073 coniectura
811 2031 1107 2085 ἐκλιχμώμενος.

289 2102 355 2140 Fr.
390 2102 458 2150 35,
496 2102 531 2141 1.
573 2101 743 2148 τεύτλοις
775 2102 957 2150 requirit
998 2101 1061 2141 Bl.
1103 2101 1164 2141 Cf.
1198 2101 1268 2151 37,
1302 2102 1350 2150 3;
1384 2102 1454 2151 64,
1493 2103 1512 2142 l
1553 2105 1598 2142 et
1628 2099 1913 2141 ἐντευτλανοῦν
1944 2100 2053 2142 Ach-

346 2169 446 2217 894,
471 2167 543 2207 ubi
566 2169 759 2218 anguilla
785 2179 849 2208 vs.
875 2170 960 2208 883
981 2171 1162 2209 vocatur
1184 2167 1397 2220 πρέσβειρα
1419 2167 1902 2224 πεντήκονταΚωπᾴδων
1917 2173 2055 2220 κορᾶν.

289 2236 355 2275 Fr.
389 2237 458 2284 36,
494 2237 533 2275 3.
567 2236 648 2276 Cft.
684 2236 746 2275 Bl.
782 2237 888 2276 Nub.
923 2237 1023 2286 982,
1059 2237 1131 2275 ubi
1164 2237 1370 2277 Similiter
1400 2234 1588 2287 ἄννηθον
1623 2259 1676 2266 --
1708 2233 1806 2277 οὐδὲ
1837 2234 2005 2276 σέλινον.

289 2303 355 2343 Fr.
390 2304 457 2351 37,
498 2305 533 2343 1.
567 2303 734 2343 θύννων
768 2326 819 2332 -
850 2302 1106 2355 ὑπογάστρια.
1145 2304 1226 2344 Ci't.
1256 2305 1371 2344 idem
1405 2305 1628 2355 Aristoph.
1662 2305 1703 2344 11
1734 2305 1869 2354 1099;
1898 2304 2053 2344 Stratt.

348 2371 446 2420 766,
492 2371 601 2419 773;
639 2371 783 2421 Eriph.
827 2372 888 2410 III
922 2372 1021 2411 558.
1058 2394 1109 2400 --
1153 2372 1228 2412 Vs.
1263 2373 1302 2412 2.
1345 2372 1532 2412 Felicius
1580 2373 1740 2413 ceteris
1785 2371 2056 2413 Valckenaor

345 2438 598 2488 λειοσώματοι
631 2439 697 2485 (cf.
730 2441 802 2479 Ar.
836 2439 886 2479 fr.
922 2441 976 2479 25
1010 2442 1055 2479 et
1087 2440 1235 2489 Eupol.
1269 2440 1310 2479 11
1343 2441 1445 2486 565)
1478 2441 1722 2481 coniecisse
1755 2440 1941 2481 videtur.

290 2507 355 2545 Fr.
390 2507 458 2555 38,
493 2509 532 2546 3.
566 2506 628 2546 131.
657 2507 729 2547 cft.
762 2508 981 2557 Aristoph.
1011 2508 1061 2547 fr.
1092 2508 1133 2547 ΙΙ
1165 2509 1275 2547 1079
1295 2508 1346 2548 Μ.
1375 2504 1465 2547 οὐδ’
1496 2506 1547 2547 ἂν
1572 2506 1697 2561 λέγων
1713 2506 1865 2557 iignum
1888 2507 2052 2549 Nauck.

348 2574 524 2613 Aristid.
559 2575 575 2613 I
609 2585 648 2624 p.
682 2575 767 2614 483
801 2571 892 2614 οὐδ’
928 2572 979 2614 ἂν
1010 2573 1135 2628 λέγων
1166 2574 1304 2622 εἴποις.

291 2641 355 2679 Fr.
389 2643 458 2680 40.
493 2642 699 2691 Proponit
731 2643 792 2683 Bl.
826 2641 932 2690 ὅπως
959 2640 1002 2682 δὲ
1029 2640 1214 2683 πεύσεσθ’
1247 2646 1363 2690 (cum
1392 2645 1536 2690 Mein.)
1564 2644 1599 2684 εἰ
1623 2642 1749 2698 γέρων
1774 2659 1832 2692 τις
1858 2638 1931 2684 ἔστ’
1959 2642 2055 2692 ἔσω,

347 2719 614 2758 quamquam
657 2710 744 2750 iam
787 2710 908 2751 Kock
949 2709 1024 2750 ἔσω
1065 2711 1227 2761 duplici
1269 2712 1447 2752 nomine
1489 2723 1514 2752 a
1555 2713 1720 2753 comico
1756 2712 1821 2752 sic
1852 2711 2054 2763 usurpari

348 2787 431 2816 non
465 2787 590 2826 posse
616 2780 732 2818 recte
761 2779 941 2818 monuit.
972 2779 1149 2828 Legisse
1178 2781 1328 2819 tamen
1358 2780 1608 2820 huiusmodi
1636 2780 1737 2829 quid
1765 2779 2055 2821 Ammonium

348 2844 474 2893 plane
507 2847 672 2884 certum
706 2849 787 2885 est.
822 2846 919 2895 Ipse
951 2848 1080 2895 poeta
1110 2846 1213 2887 dare
1245 2847 1408 2896 potuit:

524 2904 604 2954 &³ss
635 2911 739 2959 ὅπως
773 2911 814 2951 ὸὲ
846 2909 1056 2953 σπεύσείΐ·
1089 2911 1110 2952 ὁ
1143 2911 1185 2953 δὲ
1217 2911 1344 2966 γέρων
1376 2912 1657 2966 <βέβηκενῗ>
1687 2914 1794 2955 εἴσω.

350 2979 415 3017 lta
458 2980 615 3018 tradita
655 2979 782 3020 lectio
820 2976 1005 3020 σπεύσεθ’
1042 2979 1102 3020 ὅτε
1135 2991 1273 3031 paene
1305 2981 1479 3031 integra
1509 2983 1677 3022 servari
1710 2984 1857 3033 potest
1886 2984 1931 3023 et
1960 2980 2053 3023 εἴσω

350 3047 443 3084 usui
478 3048 740 3087 comicorum
775 3049 1008 3089 satisfacit.

294 3114 357 3152 Fr.
392 3116 460 3162 41,
495 3115 533 3154 8.
570 3115 742 3155 Inutilia
774 3121 872 3166 post
906 3116 1165 3167 Porsonum,
1199 3118 1272 3167 qui
1307 3128 1459 3158 verum
1492 3118 1619 3168 vidit,
1653 3120 1797 3159 tentat
1829 3118 1893 3159 Bl.

294 3181 358 3219 Fr.
393 3182 461 3220 42.
938 3182 991 3232 ὡς
1024 3181 1063 3224 δ’
1098 3183 1269 3225 ἐδείπνει
1300 3185 1491 3236 κοσμίως,

645 3249 716 3302 οὐχ
748 3250 877 3304 ὥσπερ
910 3250 1062 3292 ἄλλαι
1094 3258 1172 3293 τῶν
1201 3253 1366 3306 πράσων
1397 3254 1636 3306 ποιούμεναι
