2216 3522
1094 215 1177 253 203

315 334 643 375 molestiam
690 336 786 375 sive
832 337 1052 377 turbam
1101 341 1262 384 (rerum
1310 340 1683 386 domesticarum).
1732 340 1793 380 Cf.
1838 341 2015 379 Isocrat.

314 413 354 451 p.
390 403 475 442 273
494 403 527 442 Β
558 401 796 454 παραλιπὼν
837 403 906 443 τὸν
937 407 1121 444 πλεῖστον
1155 404 1271 457 ὄχλον
1303 413 1381 446 τῶν
1415 406 1457 446 ἐν
1489 406 1625 463 ἐκείνῳ
1656 414 1707 462 τῷ
1739 407 1864 461 χρόνῳ
1896 421 2015 457 πραχ-

314 467 481 510 θέντων.
507 470 725 519 synesius
756 482 822 520 ep.
857 472 912 511 29
944 477 1015 511 τοῦ
1040 469 1128 524 παρ’
1159 470 1271 524 ἡμῶν
1299 472 1415 526 ὄχλου
1442 474 1507 514 καὶ
1533 482 1610 514 τῶν
1635 476 1873 527 πραγμάτων
1899 474 2017 520 αὐτὸς

314 536 364 576 σὺ
396 536 544 577 σαυτὸν
571 537 693 577 αἰτιῶ.
725 538 918 578 Verbum
949 542 1099 580 autem
1130 540 1356 592 οἰκονομεῖν
1391 544 1566 592 saepius
1592 543 1859 592 generaliore
1886 552 2016 581 sensu

312 604 507 645 adhiberi
538 604 669 645 fidem
701 606 870 645 faciunt
901 606 984 646 loci
1016 609 1213 657 congesti
1244 609 1289 648 in
1320 609 1543 650 Thesauro
1575 610 1612 648 V
1642 621 1682 658 p.
1720 610 1830 649 1789
1863 620 1926 657 sq.
1964 631 2013 636 —

310 671 398 711 Nec
428 673 699 713 substituere
731 674 897 724 ausim,
931 676 1044 723 quod
1076 676 1359 725 aptissimum
1392 677 1523 727 foret,
1557 678 1660 728 βίον.

255 739 322 778 Fr.
359 740 455 789 120,
490 741 529 780 3.
577 741 761 781 Temere
808 741 872 781 Bl.
920 741 1048 792 ἥττων
1095 742 1283 793 ἔρωτος
1329 755 1406 794 pro
1448 743 1612 795 ἑαυτοῦ,
1653 745 1765 794 quod
1805 744 1843 783 si
1889 746 2017 793 poeta

313 808 525 859 dedisset,
569 820 656 850 non
697 810 956 861 addidisset,
1001 812 1164 862 opinor,
1207 818 1322 851 τοῦτο
1360 811 1409 862 δὴ
1440 811 1483 851 τὸ
1515 811 1737 864 λεγόμενον.
1769 811 1878 850 Nam
1912 810 2016 849 illud

313 873 439 926 ἥττων
471 874 618 915 ἑαυτοῦ
651 878 960 927 pervulgatum
993 881 1087 918 erat
1118 880 1163 919 in
1193 879 1356 919 scholis
1387 879 1758 929 philosophorum.
1788 901 1839 906 —-
1868 878 1942 917 Vs.
1975 879 2015 916 4.

310 942 413 982 οὕτω
439 946 640 993 spectare
668 946 837 985 videtur
861 956 971 994 quae
989 946 1088 986 huic
1104 947 1350 996 fragmento
1368 948 1712 996 praecesserant,
1732 956 1869 993 neque
1886 946 2016 994 igitur

311 1020 412 1050 cum
443 1011 507 1051 Bl.
542 1022 721 1052 versum
754 1013 1024 1062 expleverim
1059 1014 1203 1054 verbis
1235 1013 1331 1053 ὥστε
1363 1013 1440 1052 καὶ.

253 1077 322 1117 Fr.
358 1078 455 1128 123,
503 1080 523 1118 1
558 1081 603 1119 et
635 1082 674 1119 4.
724 1080 877 1119 Merito
924 1081 1073 1121 Nauck
1119 1081 1275 1121 Kockii
1322 1081 1628 1131 supplementa
1672 1080 1902 1130 improbat.
1950 1080 2014 1119 Ad

312 1155 378 1185 vs.
415 1146 436 1184 1
470 1146 534 1185 Bl.
579 1146 653 1186 cft.
687 1147 791 1187 Hor.
837 1146 978 1187 Carm.
1017 1149 1052 1197 1,
1088 1149 1128 1198 7,
1164 1149 1189 1187 2
1223 1151 1267 1188 et
1294 1150 1390 1188 Act.
1423 1149 1575 1198 Apost.
1610 1149 1678 1196 27,
1712 1150 1781 1187 41.
1818 1170 1868 1175 --
1903 1148 2016 1186 Ante

311 1211 471 1264 κειμένη
505 1214 606 1262 quid
638 1214 867 1264 exciderit,
902 1216 1119 1254 incertum
1152 1218 1220 1255 est
1259 1216 1415 1264 (possis
1446 1215 1539 1266 γάρ,
1574 1216 1638 1255 vel
1672 1230 1773 1264 πως,
1806 1215 1873 1254 vel
1905 1217 2012 1262 που),

313 1281 438 1320 unice
469 1283 587 1321 recte
618 1292 666 1321 se
699 1282 858 1321 habere
891 1283 1075 1322 verbum
1106 1283 1296 1332 simplex
1329 1285 1510 1322 certum.

255 1347 324 1387 Fr.
362 1341 459 1398 124,
494 1349 533 1387 2.
583 1347 703 1399 Παρὰ
749 1346 866 1400 μέρος
914 1359 1001 1388 non
1047 1350 1259 1389 mutarim
1301 1360 1400 1389 cum
1439 1350 1502 1389 Bl.
1544 1350 1589 1388 in
1631 1347 1728 1387 κατὰ
1769 1347 1903 1399 μέρος,
1938 1348 2012 1387 sed

313 1414 482 1464 explico
529 1415 794 1465 alternis,
830 1415 857 1455 i.
898 1426 934 1455 e.
979 1416 1090 1455 alias
1132 1416 1354 1466 dextram,
1387 1416 1496 1456 alias
1528 1416 1755 1455 sinistram
1786 1416 2013 1456 maxillam

312 1481 443 1521 homo
474 1482 695 1522 tendebat.
732 1482 793 1522 Cf.
827 1483 1034 1532 exempla
1064 1484 1108 1522 in
1141 1483 1363 1523 Thesauro
1395 1484 1432 1522 V
1464 1495 1504 1533 p.
1540 1485 1622 1523 801
1659 1486 1702 1523 et
1731 1480 1818 1534 παρ’
1853 1480 2016 1533 ἡμέραν,

312 1543 559 1588 alternis
606 1549 818 1590 diebus.
867 1551 963 1590 Iam
1009 1561 1085 1600 per
1125 1561 1172 1590 se
1212 1561 1367 1600 parum
1407 1551 1626 1600 probabile
1669 1554 1736 1590 est
1767 1551 2011 1599 librarium,

311 1618 522 1665 sequente
553 1616 671 1666 κατά,
702 1617 885 1657 eandem
917 1618 1286 1667 praepositionem
1318 1619 1361 1657 in
1392 1617 1499 1669 παρά
1529 1620 1739 1657 mutasse.

256 1683 324 1723 Fr.
363 1685 444 1723 125
477 1685 646 1724 temere
677 1684 793 1724 idem
825 1684 1047 1724 sollicitat.

258 1751 326 1790 Fr.
364 1751 446 1790 126
488 1751 639 1791 Nauck
675 1752 830 1800 poetae
862 1761 959 1791 esse
991 1754 1108 1792 recte
1138 1755 1271 1802 negat
1302 1753 1397 1793 Mel.
1431 1753 1488 1792 VI
1519 1763 1559 1802 p.
1596 1754 1691 1802 127,
1723 1751 1930 1801 πτερόεντα
1960 1775 2011 1779 -

312 1816 388 1869 ἔπη
414 1818 645 1858 flosculum
674 1819 955 1859 Homericum
986 1829 1160 1860 vocans.
1183 1843 1234 1848 —
1253 1820 1326 1859 Vs.
1347 1821 1385 1860 2.
1415 1819 1506 1859 ὅποι
1532 1817 1612 1858 ποτ’
1634 1820 1742 1859 bene
1759 1819 1934 1868 corrigit
1949 1819 2011 1858 Bl.

259 1886 328 1926 Fr.
366 1887 461 1936 132,
496 1887 536 1926 3.
570 1886 995 1935 Interpungendum:

464 1952 558 1991 ὅταν
590 1950 632 1992 δὲ
664 1953 840 2004 τύχωμεν
873 1949 923 1999 (δ’
960 1952 1106 2004 ἔχωμεν
1139 1954 1323 2004 Nauck),
1353 1954 1516 2005 ὕστερον
1548 1954 1797 2004 λυπούμεθα.

253 2020 320 2060 Fr.
358 2021 453 2070 134,
488 2021 527 2060 3.
561 2021 696 2062 Recte
729 2021 792 2060 Bl.
829 2023 871 2060 et
905 2021 1119 2061 Headlam
1152 2023 1444 2071 transponunt
1473 2020 1615 2071 λέληθε
1646 2021 1828 2073 γεγονώς.

252 2087 320 2127 Fr.
357 2089 452 2128 135.
498 2088 642 2127 Etiam
686 2088 817 2128 verba
858 2085 1067 2137 ὀψοποιῶν
1110 2086 1152 2127 δὲ
1183 2087 1312 2140 τέχναι
1345 2087 1409 2127 καὶ
1442 2089 1698 2139 δημιουργῶν
1730 2089 1774 2127 in
1806 2097 2013 2127 numeros

313 2156 429 2204 cogit
465 2156 528 2195 Bl.
563 2155 759 2195 scribens
791 2161 868 2194 τῶν
901 2152 936 2194 δ’
973 2153 1184 2205 ὀψοποιῶν
1217 2157 1472 2208 δημιουργῶν
1503 2153 1540 2195 θ’
1578 2156 1622 2194 αἵ
1650 2154 1797 2206 τέχναι,
1828 2156 2014 2194 fortasse

312 2224 442 2262 recte.
476 2222 588 2262 Nam
619 2222 826 2262 similiter
858 2223 1091 2262 Menander
1121 2223 1165 2262 in
1199 2224 1522 2263 Pseudhercule
1559 2225 1594 2272 1,
1633 2224 1683 2261 12
1722 2222 1793 2272 τὴν
1825 2222 2013 2271 δημιουρ-

312 2288 385 2341 γὸν
416 2289 557 2338 iungit
588 2300 688 2329 cum
720 2299 854 2338 coquo
886 2293 966 2335 (vs,
999 2291 1040 2335 9)
1072 2291 1116 2329 et
1147 2290 1397 2329 Alexander
1428 2289 1469 2328 ἐν
1504 2290 1617 2345 Πότῳ
1651 2290 1790 2335 (Mein.
1824 2289 1876 2327 IV
1914 2290 2012 2334 554)

314 2367 378 2396 vs.
412 2357 437 2395 2
469 2357 621 2396 scribit
651 2356 937 2408 τραπεζοποιὸν
970 2356 1214 2408 δημιουργὸν
1245 2357 1435 2406 λήψομαι.

255 2424 324 2463 Fr.
360 2424 456 2474 140,
492 2424 531 2464 3.
573 2424 737 2463 Iniuria
767 2424 830 2463 Bl.
873 2424 1066 2474 postulat
1098 2424 1286 2473 simplex
1318 2424 1514 2475 τρίβοντες
1545 2423 1635 2475 βίον
1666 2434 1742 2472 pro
1773 2423 2014 2472 composito

313 2490 623 2542 κατατρίβοντες.
654 2491 716 2531 Cf.
748 2491 870 2530 Dem.
905 2492 974 2541 57,
1008 2492 1053 2539 9;
1088 2491 1220 2530 Arist.
1254 2491 1349 2530 Eth.
1382 2491 1444 2529 III
1479 2492 1544 2530 10.
1579 2491 1667 2530 Pol.
1701 2491 1719 2528 I
1752 2491 1821 2539 25,
1840 2493 1879 2529 6.
1912 2490 2014 2529 Plus

267 2543 272 2554 Ι
314 2560 383 2597 est
413 2559 662 2609 κατατρίβειν
693 2573 722 2597 τ.
755 2559 791 2609 β.
825 2568 956 2607 quam
991 2558 1137 2608 τρίβειν
1170 2560 1213 2597 et
1245 2558 1345 2597 huic
1376 2558 1469 2597 loco
1502 2558 1657 2606 aptius.

213 2667 221 2672 ,
256 2625 323 2664 Fr.
360 2626 456 2674 141,
490 2627 529 2665 4.
563 2626 783 2666 Incertum
816 2626 1054 2665 admodum
1087 2625 1440 2674 supplementum
1474 2627 1539 2663 est
1572 2625 1742 2676 γεύσεις,
1773 2635 1870 2664 cum
1899 2635 2013 2673 prae·

314 2692 468 2731 sertim
510 2693 640 2732 huius
682 2692 896 2742 vocabuli,
940 2693 1052 2741 quod
1096 2693 1286 2741 primum
1329 2692 1441 2740 apud
1483 2691 1764 2731 Aristotelem
1806 2692 2010 2741 occurrit,

315 2770 531 2808 nusquam
571 2760 785 2810 pluralem
827 2759 971 2808 legere
1012 2770 1082 2798 me
1116 2759 1310 2798 memini.
1350 2758 1500 2797 Potius
1532 2758 1664 2808 τέχνας
1698 2758 2010 2807 suppleverim,

315 2827 412 2866 coll.
444 2828 681 2877 Antiphan.
715 2828 777 2867 ΙΙΙ
809 2828 879 2875 49,
915 2827 973 2874 2ι
997 2826 1212 2865 Xenarch.
1246 2826 1308 2865 111
1342 2826 1455 2874 622),
1490 2825 1659 2864 Alexid.
1695 2825 1756 2863 111
1789 2826 1844 2863 49
1877 2825 1945 2870 (2).

258 2894 324 2933 Fr.
358 2894 453 2943 148,
487 2895 527 2934 3.
567 2895 799 2944 perperam
842 2894 904 2933 Bl.
946 2892 1025 2932 ἀπὸ
1066 2899 1135 2931 τοῦ
1167 2893 1313 2942 τρόπου
1346 2907 1422 2942 μου
1463 2892 1678 2941 λαμβάνων
1716 2901 1790 2941 pro
1822 2894 2009 2941 μεταλαμ-

316 2960 471 3011 βάνων,
502 2962 612 3010 quod
646 2967 764 3001 recte
796 2962 961 3001 dictum
995 2964 1077 3000 est.

259 3028 324 3067 Fr.
363 3028 457 3067 147.
492 3026 691 3068 Meliore's
723 3029 803 3068 hos
836 3038 923 3067 ves,
956 3038 979 3067 e
1013 3027 1232 3066 Plutarchi
1264 3027 1356 3066 loco
1389 3026 1536 3065 elicuit
1567 3026 1800 3065 Headlam:

683 3094 802 3135 οὐδέν
835 3091 905 3134 ἐστ’
941 3093 982 3134 ἐν
1014 3094 1246 3143 ἀνθρώποις
1285 3092 1463 3139 <ὅλως>

685 3162 841 3213 γνώμη,
873 3162 968 3214 τύχη
1002 3159 1037 3201 δ’
1073 3161 1252 3208 ἅπαντα,
1285 3159 1338 3212 χώ
1372 3161 1515 3209 ταύτης
1548 3159 1674 3210 τυχὼν

690 3228 771 3270 <iv
801 3235 961 3271 πᾶσιν>
998 3226 1097 3279 ἡδύς
1130 3227 1207 3267 ἔστι
1240 3226 1305 3266 καὶ
1337 3226 1542 3278 νομίζεται.
