2216 3522
724 1056 983 1108 CAPUT
1019 1056 1354 1112 PRIMUM.

249 1376 324 1412 Ad
349 1374 518 1412 Kockii
547 1373 766 1410 editionis
794 1373 1184 1418 Fragmentomm
1217 1374 1511 1411 comicorum
1540 1375 1826 1412 Graecorum

806 1443 1031 1479 volumen
1058 1444 1276 1489 primum.

158 1580 406 1626 Chionidis
437 1582 488 1620 fr.
521 1582 562 1620 6.
605 1580 870 1620 Rutherford
910 1575 1000 1633 τῷδ’
1047 1575 1094 1618 ἔτ’
1138 1575 1270 1630 οἶνον,
1314 1580 1411 1627 coll.
1444 1581 1643 1620 Alexidis
1674 1582 1726 1620 fr.
1762 1581 1858 1620 186.
1893 1583 1919 1620 5

216 1660 331 1699 sqq„
352 1651 398 1689 et
422 1648 639 1688 Headlam
666 1646 869 1685 κάπτετον.
897 1647 934 1685 N
937 1657 985 1686 ec
1006 1646 1151 1686 locum
1178 1657 1259 1700 nec
1281 1648 1553 1687 coniecturas
1573 1649 1685 1687 satis
1700 1648 1922 1696 intellego.

154 1748 401 1793 Chionidis
425 1749 478 1789 fr.
505 1750 562 1789 42
590 1748 879 1799 κατεγλύκηνεν
905 1745 956 1785 ἄν
978 1747 1107 1787 malit
1132 1748 1333 1796 Blaydes.
1359 1771 1410 1776 —
1439 1748 1562 1787 Idem
1588 1750 1706 1788 recte
1732 1749 1786 1788 ad
1811 1748 1863 1788 fr.
1892 1749 1918 1787 8

216 1827 274 1858 ex
322 1816 681 1866 Harpocrationis
721 1814 986 1855 lectionibus
1021 1813 1206 1865 χιονίπου
1248 1817 1330 1854 etc.
1373 1815 1522 1855 elicuit
1571 1815 1777 1866 χρονικόν,
1822 1815 1918 1856 coll.

215 1885 261 1926 Ε.
292 1885 347 1924 Μ.
394 1886 491 1933 167,
524 1886 601 1933 46,
646 1894 778 1933 quare
819 1884 902 1923 hoc
941 1883 1097 1932 fragm.
1136 1883 1336 1923 Chionidi
1377 1883 1714 1923 abiudicandum
1745 1886 1828 1923 est.
1862 1906 1913 1910 ——

218 1953 344 2003 Apud
390 1952 630 1992 Zenobium
671 1952 799 1990 malit
839 1949 934 1989 κᾶν
975 1951 1228 2001 Άνδροκλέης
1268 1953 1616 2002 πολεμαρχοῖ,
1656 1951 1732 1991 sed
1764 1952 1919 1992 comici

215 2021 436 2061 sermonis
467 2020 723 2069 plerumque
754 2021 823 2058 est
852 2018 1129 2069 πολεμαρχοίη.
1162 2017 1222 2058 Cf.
1255 2021 1406 2058 tamen
1438 2019 1553 2057 infra
1583 2029 1680 2068 pag.
1714 2019 1754 2068 3,
1787 2020 1888 2058 439.

159 2119 393 2174 Magnetis
423 2120 476 2159 fr.
505 2121 545 2160 3.
579 2119 686 2160 Coll.
717 2120 939 2169 Aristoph.
971 2120 1024 2159 fr.
1057 2120 1162 2169 488,
1196 2121 1422 2169 proposui:

275 2188 420 2228 λοῦσαί
451 2203 490 2227 τε
527 2191 617 2237 (pro
647 2188 860 2234 λούσαντα)
897 2187 969 2238 χρὴ
1000 2187 1067 2226 καὶ
1095 2187 1308 2239 βακκάριδι
1335 2185 1564 2238 κεχριμένον
1593 2185 1599 2238 Ι
1632 2186 1791 2227 <αὐτὸν
1823 2201 1919 2238 προ-

216 2259 406 2305 θεῖναι»,
436 2256 674 2295 violentius
699 2258 854 2304 postea
884 2256 1075 2305 Blaydes
1109 2253 1366 2305 λελουμένου,
1396 2255 1538 2295 deleto
1574 2254 1658 2306 χρὴ.
1685 2255 1804 2294 Ferri
1833 2265 1919 2294 non

216 2333 346 2374 posse
377 2324 574 2363 medium
606 2323 877 2373 λουσάμενον,
917 2323 1031 2371 quod
1062 2324 1287 2372 proposuit
1317 2323 1457 2371 Kock,
1494 2323 1606 2361 satis
1637 2325 1805 2361 certum
1838 2324 1919 2362 est.

161 2421 484 2478 Eephantidae
514 2423 567 2462 fr.
607 2424 647 2462 2.
690 2423 953 2462 Rutherford
996 2423 1202 2462 coniecit:
1239 2422 1372 2472 <μὴ>
1400 2423 1630 2476 μεγαρίσῃς,
1661 2422 1881 2477 Κωμῳδία,
1911 2420 1916 2474 Ι

223 2490 363 2538 <εἷ>ς
395 2486 502 2545 ᾆσμα
535 2487 568 2528 δ’
608 2485 700 2540 εἶμ’·
734 2490 967 2544 ᾐσχυνόμην
994 2489 1000 2541 Ι
1030 2489 1072 2529 τὸ
1104 2486 1215 2540 δρᾶμ’
1253 2487 1304 2528 ἂν
1337 2488 1572 2541 Μεγαρικὸν
1602 2492 1741 2528 ποιεῖν.

78 2564 81 2566 ⁴
160 2589 345 2635 Cratini
375 2591 416 2631 fr
451 2592 488 2630 1.

485 2656 593 2710 κάγὼ
624 2655 698 2709 γὰρ
731 2655 883 2708 ηὔχουν
916 2657 1153 2708 Μητρόβιος
1186 2653 1237 2703 (θ’
1253 2658 1289 2703 ?)
1321 2654 1342 2695 ὅ
1373 2656 1623 2708 γραμματεὺς

487 2725 564 2764 σὺν
593 2722 711 2774 ἀνδρὶ
742 2725 842 2779 θείῳ
873 2722 940 2763 καὶ
972 2724 1271 2780 φιλοξενωτάτῳ

486 2790 554 2831 καὶ
584 2788 696 2830 πάντ’
731 2789 875 2847 ἀρίστῳ
907 2797 985 2830 τῶν
1017 2790 1286 2841 Πανελλήνων
1316 2790 1495 2846 πρώτῳ

488 2859 644 2910 Κίμωνι
674 2858 844 2909 λιπαρὸν
875 2864 999 2911 γῆρας
1033 2858 1305 2910 εὐωχούμενος

487 2927 617 2965 αἰῶνα
646 2926 776 2965 πάντα
807 2926 1111 2976 συνδιατρίψειν
1143 2924 1216 2964 κτέ.

280 2996 445 3035 Iniuria
485 2995 607 3035 Kock
648 2995 848 3043 egregiae
890 2995 1046 3034 Mureti
1087 2995 1361 3033 coniecturae
1402 2992 1576 3047 πρόμῳ
1608 2993 1804 3032 obmovit
1835 2995 1918 3031 tra-

218 3063 367 3111 gicum
416 3063 544 3102 huius
590 3062 790 3101 vocabuli
838 3072 986 3110 usum,
1036 3071 1123 3100 non
1171 3062 1382 3109 reputans
1429 3062 1571 3099 totum
1619 3060 1735 3098 hunc
1774 3059 1918 3098 locum

219 3130 389 3170 imitari
434 3130 651 3179 tragicam
712 3129 1140 3178 grandiloquentiam
1191 3130 1235 3166 et
1285 3128 1480 3166 numeris
1530 3130 1573 3166 et
1623 3127 1730 3176 ipsis
1778 3126 1920 3165 verbis

221 3198 516 3246 conspicuam.
575 3197 679 3247 Quis
724 3197 841 3236 enim
883 3197 1056 3245 praeter
1095 3196 1304 3244 tragicos,
1360 3196 1407 3233 ut
1448 3194 1622 3233 mittam
1666 3194 1920 3232 inusitatius

222 3263 378 3316 αὐχεῖν,
420 3265 526 3304 dicit
565 3260 675 3302 πάντ’
722 3262 880 3314 ἄριστος
923 3266 968 3302 et
1008 3262 1135 3301 αἰῶνα
1178 3261 1308 3300 πάντα
1340 3262 1435 3301 sine
1467 3261 1669 3310 articulo,
1713 3264 1757 3299 et
1789 3270 1918 3308 quan·

1759 3331 1773 3358 1
