2216 3522
1097 202 1178 241 144

613 319 686 371 τὴν
715 318 871 373 ἡδονὴν
902 319 923 361 ὁ
954 328 1108 374 πρῶτος
1138 322 1309 364 αὐτῶν
1339 323 1663 376 καταμαθὼν

612 393 680 439 τῆς
710 388 903 439 λοπάδος,
932 387 1159 442 ἀνεπήδησε
1187 388 1388 443 κᾶφευγεν
1418 391 1549 449 κύκλῳ

611 454 683 506 τὴν
713 452 856 496 λοπάδ’
891 455 1003 509 ἔχων,
1032 455 1182 497 ἄλλοι
1213 453 1250 497 δ’
1285 456 1453 499 ἐδίωκον
1483 457 1583 499 κατὰ
1610 459 1751 508 πόδας.

612 521 732 574 ἐξῆν
763 521 1054 573 ὀλολύζειν·
1087 525 1127 565 οἳ
1156 522 1229 576 μὲν
1260 524 1446 578 ἥρπασάν
1475 541 1516 566 τε
1545 526 1639 580 γάρ,

611 592 652 631 οἳ
680 587 717 631 δ’
752 590 892 643 οὐδέν,
926 593 966 632 οἳ
996 589 1040 632 δὲ
1069 592 1251 632 πάντα.
1282 591 1358 632 κτέ.

313 661 386 700 Vs.
424 661 490 699 14.
538 658 690 709 αὐτῶν,
729 659 822 700 scil.
865 660 1174 710 convivarum,
1218 661 1293 702 vix
1334 671 1513 712 sanum,
1553 662 1655 711 quia
1685 662 1794 703 nulli
1825 663 1870 703 in
1900 673 2019 715 prae·

311 729 475 778 gressis
517 728 727 768 convivae
769 731 1188 770 commemorantur.
1231 729 1345 770 Olim
1388 730 1592 780 proposui
1623 727 1646 770 ὁ
1674 736 1829 781 πρῶτος
1859 728 2021 784 ἀνθρώ-

312 810 400 836 πων
424 796 564 843 [ἁ-ὖων]
593 794 757 845 μαθών,
787 805 867 836 nec
899 796 1060 836 rnelius
1086 796 1214 837 hodie
1241 797 1352 837 mihi
1378 797 1609 839 succurrit.
1629 819 1683 827 —
1710 797 1786 839 Vs.
1818 797 1886 838 16.
1912 796 2024 838 ἄλλοι

314 864 495 913 requirit
511 863 590 912 Bl.,
617 863 693 903 sed
715 864 1030 913 comparationi
1047 863 1115 911 (cf.
1134 862 1255 916 ἕτεροι
1273 875 1337 905 vs.
1359 866 1427 911 13)
1443 865 1604 905 melius
1620 865 1828 906 convenit
1842 865 2025 907 omissio

313 930 499 970 articuli.
535 953 587 959 -
616 930 688 970 Vs.
721 931 788 971 17.
831 929 924 982 ἐξῆν
955 928 1157 979 ὀλολύζειν
1189 934 1259 979 (an
1288 930 1381 983 ἐξῆν
1413 928 1449 972 δ’
1464 933 1499 979 ?)
1539 932 1863 973 dubitabundus
1893 933 2023 974 inter·

314 1000 480 1047 pretor:
523 998 740 1038 licebat
779 998 918 1044 (mibi)
961 998 1186 1039 ululare
1227 1010 1330 1049 prae
1371 1000 1546 1050 gaudio,
1591 1000 1705 1049 quod
1737 999 1849 1041 viles
1877 1000 2023 1051 pisces

314 1069 405 1106 tam
438 1067 609 1115 egregie
649 1075 982 1117 apparaveram,
1025 1069 1074 1107 ut
1108 1068 1161 1108 de
1201 1067 1355 1108 frustis
1394 1069 1643 1118 pugnarent
1683 1068 1912 1119 convivae,
1944 1069 2023 1110 sed

312 1134 407 1173 sine
438 1133 735 1173 controversia
765 1134 1098 1185 corruptissima
1128 1137 1233 1176 sunt
1264 1136 1397 1176 verba
1426 1135 1466 1175 οἳ
1497 1132 1539 1175 δὲ
1570 1134 1719 1186 πάντα,
1749 1145 1831 1176 nec
1859 1134 2024 1176 sufficit

314 1201 467 1241 Kockii
509 1200 761 1240 coniectura
791 1200 834 1240 ot
860 1197 896 1240 δ’
932 1199 1107 1252 ἐδέοντο,
1148 1202 1284 1243 nimis
1315 1203 1457 1243 debile
1487 1202 1686 1243 verbum.
1728 1202 1817 1243 Nec
1851 1201 2023 1243 felicius

311 1266 424 1307 πέντε
455 1278 532 1317 pro
561 1267 692 1306 πάντα
718 1269 945 1318 proposuit
970 1269 1125 1319 Naber,
1152 1280 1294 1319 neque
1319 1270 1528 1320 intellego
1555 1270 1776 1320 Blaydesii
1793 1270 2021 1311 tentamen

312 1334 354 1375 οἱ
389 1334 532 1382 πάντες
568 1332 619 1373 ἂν
649 1333 794 1386 ἔλαβον
825 1334 963 1387 μόνον.
1002 1337 1274 1378 Mediocriter
1314 1338 1449 1378 etiam
1477 1337 1622 1388 placet
1651 1337 1765 1387 quod
1796 1337 1880 1387 ipsi
1910 1336 2023 1377 mihi

313 1403 433 1443 venit
465 1402 508 1442 in
540 1403 757 1442 mentem:
785 1402 825 1442 οἳ
850 1399 888 1442 δ’
917 1401 1056 1452 οὐδέν,
1082 1400 1104 1443 ὃ
1137 1400 1172 1443 δ’
1203 1403 1305 1454 ἔφλα
1330 1407 1510 1455 πλεῖστα,
1535 1403 1660 1444 καίτοι
1689 1402 1779 1455 κτὲ.,
1806 1403 1910 1454 quia
1931 1403 2023 1445 tale

313 1471 413 1520 quid
445 1470 534 1510 fere
561 1470 815 1510 abundaret.
845 1470 897 1499 ——'
926 1471 1001 1512 Vs.
1037 1472 1106 1512 20.
1134 1471 1170 1511 εἰ
1199 1468 1235 1511 δ’
1264 1470 1410 1525 ἔλαβον
1441 1470 1559 1525 ἅρτι
1591 1471 1788 1524 σκάρον
1830 1468 1857 1524 ἢ
1881 1466 1924 1511 ’κ
1953 1476 2023 1523 τῆς

313 1540 481 1588 Ἀττικῆς
508 1536 514 1588 Ι
543 1536 891 1590 γλαυκίσκον-ἢ
914 1534 1242 1592 ’ξ”Αργους-ἢ
1264 1535 1304 1579 ’κ
1329 1545 1398 1591 τῆς
1424 1541 1648 1587 Σικυῶνος.
1677 1538 1764 1578 Sub
1781 1536 1868 1590 ἄρτι
1885 1537 2024 1579 latere

310 1604 456 1657 ἄρκτον
487 1605 675 1646 feliciter
707 1606 817 1654 vidit
841 1606 981 1657 Kock,
1015 1607 1092 1648 sed
1117 1608 1299 1648 invento
1326 1618 1407 1648 suo
1433 1608 1550 1648 male
1575 1617 1685 1648 usus
1710 1609 1780 1648 est
1805 1606 2025 1648 coniciens

309 1671 472 1725 ἄρκτον,
510 1672 722 1725 σκόμβρον.
766 1673 924 1715 Veram
963 1675 1322 1716 ‘emendationem
1370 1676 1485 1716 ultro
1531 1675 1728 1725 suggerit
1774 1673 2024 1716 observatio

310 1740 455 1780 omitti
486 1750 573 1780 non
604 1741 799 1790 potuisse
830 1744 1007 1792 propter
1037 1744 1269 1792 sequentia
1299 1744 1395 1784 eius
1419 1744 1552 1794 piscis
1577 1743 1806 1793 originem.
1838 1741 2028 1784 Dederat
2101 1744 2110 1749 ”

312 1819 365 1848 ne
397 1810 530 1858 poeta
559 1805 754 1859 ἄρκτον
786 1809 1022 1861 Πάριονῖ
1054 1809 1116 1851 cf.
1149 1811 1429 1851 Archestrati
1450 1811 1502 1851 fr.
1531 1821 1598 1861 ap.
1627 1810 1788 1850 Athen.
1816 1809 2021 1853 111922d:

310 1875 402 1922 τοὺς
445 1880 521 1926 μῦς
553 1870 679 1923 Αἶνος
719 1874 794 1927 ἔχει
826 1876 1043 1930 μεγάλους,
1085 1875 1239 1930 ὄστρεια
1272 1874 1307 1917 δ’
1335 1875 1531 1930 Ἄβυδος,
1560 1876 1630 1925 τὰς
1661 1875 1890 1929 ἄρκτους
1924 1876 2022 1917 Πά-

310 1957 446 1994 ριον,
490 1942 583 1990 τοὺς
629 1939 673 1981 δὲ
719 1941 859 1991 κτένας
905 1940 930 1995 ἡ
973 1944 1205 1996 Μυτιλήνη.
1246 1945 1306 1985 At
1346 1945 1440 1986 iure
1473 1945 1584 1985 mihi
1614 1945 1872 1986 obmovebis
1902 1944 2026 1986 urbis

310 2010 425 2050 Parii
466 2010 690 2050 ethnicum
731 2020 830 2051 esse
874 2010 1100 2063 Παριανός,
1140 2012 1252 2061 quod
1294 2022 1382 2053 non
1413 2013 1659 2053 admittunt
1687 2013 1875 2055 numeri.
1908 2011 2017 2063 Quin

309 2078 442 2127 igitur
473 2078 749 2127 reponimus:

665 2143 701 2183 εἰ
731 2140 766 2183 δ’
801 2143 946 2197 ἔλαβον
976 2144 1170 2198 ἄρκτον
1203 2146 1478 2199 Παρίοθεν
1509 2144 1586 2187 κτὲ.

311 2212 534 2252 Facillime
581 2212 1108 2253 ΑΡΚΤΟΝΠΑΡΙΟΘΕΝ
1154 2214 1198 2254 in
1239 2213 1592 2255 APTIGKAPON
1642 2214 1762 2254 abire
1819 2214 2018 2271 potuisse

310 2281 427 2321 cadit
467 2281 511 2320 in
553 2279 716 2320 oculos.
751 2302 804 2309 —
833 2279 908 2321 Vs.
952 2281 1007 2321 25
1046 2291 1110 2330 sq.
1154 2281 1288 2322 Recte
1327 2281 1541 2322 Richards
1582 2279 1782 2333 νεκροὺςΙ
1815 2277 2011 2329 <iis-tn>

311 2347 405 2387 ὅταν
448 2345 523 2387 κτὲ.

251 2416 318 2455 Fr.
349 2416 419 2455 80.
470 2415 617 2465 „Tosti
664 2416 804 2464 pisces
851 2425 937 2455 non
984 2415 1246 2465 prostabant
1286 2416 1331 2456 in
1371 2416 1510 2456 foro.’'
1552 2415 1616 2456 Bl.
1658 2415 1837 2456 Meliora
1870 2414 2019 2456 docuit

311 2482 430 2523 Kock
463 2482 516 2522 ad
549 2482 590 2521 h.
609 2481 637 2522 l.

251 2550 317 2589 Fr.
352 2550 422 2598 84,
457 2550 494 2588 2.
538 2547 637 2587 κατὰ
678 2545 714 2588 δ’
760 2545 871 2589 &asad
917 2560 1017 2590 mea
1054 2550 1307 2590 coniectura
1346 2553 1434 2604 est,
1472 2561 1557 2590 non
1590 2550 1813 2601 Meinekii,
1846 2549 1917 2591 cui
1942 2549 2016 2591 tri·

310 2617 404 2656 buit
434 2616 517 2666 BL,
551 2616 663 2665 quod
695 2617 848 2657 sciam.
882 2617 979 2666 Ipse
1010 2617 1174 2666 profert
1204 2617 1486 2658 incredibilia.

253 2684 319 2723 Fr.
353 2685 422 2733 88,
458 2684 498 2725 2.
541 2681 703 2731 ἐξετάζει
735 2683 799 2724 Bl.
833 2687 910 2723 aut
944 2681 996 2722 ἂν
1028 2698 1085 2731 τις
1117 2682 1283 2738 ἐξετάζῃ.
1317 2706 1371 2712 -
1404 2684 1478 2725 Vs.
1516 2684 1582 2724 12.
1615 2682 1695 2735 μὴν
1727 2694 1804 2734 pro
1837 2681 2015 2735 estiom-

313 2754 359 2789 A.
388 2752 428 2789 Β.
460 2750 595 2796 Stob.)
627 2753 672 2791 et
703 2751 793 2791 alia
821 2751 961 2801 idem,
996 2750 1243 2791 sollicitans
1275 2751 1411 2791 etiam
1444 2761 1510 2791 vs.
1549 2752 1616 2792 13.

252 2818 319 2857 Fr.
353 2819 408 2857 89
443 2829 505 2858 vs.
540 2818 579 2857 7.
613 2818 833 2868 Posidippi
866 2818 916 2858 fr.
950 2819 1007 2857 40
1039 2818 1114 2858 cst.
1148 2818 1212 2859 Bl.
1245 2840 1295 2847 —
1322 2817 1396 2858 Vs.
1434 2820 1500 2858 11.
1538 2814 1627 2857 καθ’
1662 2815 1733 2857 ἕνα
1768 2819 1887 2859 recte
1917 2817 2015 2859 Mei·

311 2885 419 2924 neke
451 2885 518 2930 (cf.
551 2885 602 2924 fr.
635 2887 705 2935 46,
741 2887 805 2934 2),
838 2883 1008 2937 ἀτέχνως
1042 2885 1106 2925 Bl.

252 2951 318 2990 Fr.
351 2953 421 3001 90,
455 2954 495 2991 4.
543 2950 660 2999 ἄλλος
706 2963 782 3003 pro
828 2951 957 2992 ἄλλων
999 2952 1153 2993 malim
1196 2962 1297 2992 cum
1339 2952 1608 2993 Richardsio.
1645 2974 1699 2982 --
1726 2952 1802 2994 Vs.
1844 2954 1885 2994 5.
1911 2950 2015 3009 ,λέγῃ

309 3018 371 3057 Bl.
406 3040 460 3046 —
493 3019 564 3059 Vs.
599 3020 638 3059 8.
673 3020 881 3070 Proposui
913 3018 1007 3075 λέγῃ
1038 3030 1116 3070 pro
1142 3025 1292 3075 σκοπῇ,
1317 3019 1382 3060 Bl.
1410 3025 1545 3075 φρονῇ
1571 3021 1711 3070 (quasi
1741 3030 1844 3061 vero
1874 3018 2015 3071 possit

308 3086 465 3134 aliquis
505 3090 670 3136 φρονεῖν
711 3085 820 3134 ἐκτὸς
861 3084 1050 3134 ἓαυτοῦΙ)
1092 3089 1171 3128 aut
1200 3086 1349 3142 φάσκῃ.
1386 3109 1437 3116 -
1473 3086 1547 3127 Vs.
1581 3087 1621 3127 9.
1664 3089 1845 3126 κακοῖσιν
1876 3086 2011 3135 idem,

306 3154 510 3202 quamvis
540 3154 727 3202 probans
759 3154 913 3195 Kockii
944 3157 1025 3202 τοῖς
1057 3147 1184 3194 οὖσαν.
1216 3153 1299 3195 Ort.
1333 3154 1556 3205 Aristoph.
1588 3154 1639 3195 fr.
1668 3154 1709 3194 11
1740 3154 1852 3194 1049
1884 3153 2023 3196 M.—

308 3219 382 3259 Vs.
414 3222 478 3260 10.
513 3219 583 3259 τάν
614 3220 721 3276 αὑτῷ
755 3225 920 3262 temere
952 3222 1155 3271 Blaydes.
1936 3248 1940 3250 v
