2216 3522
1124 215 1207 255 162

280 342 348 382 Fr.
381 342 480 382 321.
530 342 662 383 Recte
710 343 923 393 Gomperz
972 346 1055 393 (ap.
1092 342 1242 393 Miller,
1277 341 1514 392 Melanges)
1555 339 1666 395 ἑτέρα
1701 352 1779 393 pro
1809 340 1955 396 ἑταίρα.
1986 342 2049 385 Cf.

340 410 489 451 Nauck
521 411 616 451 Mel.
650 411 711 450 111
748 412 854 459 145;
888 410 1028 460 Cohn,
1063 410 1212 450 Jahrb.
1247 410 1275 450 f.
1310 409 1421 451 Phil.
1459 410 1555 459 133,
1592 421 1631 461 p.
1666 412 1766 451 842.

280 478 349 518 Fr.
383 479 483 528 323,
521 480 557 519 1.
591 478 739 530 πάντα,
769 481 870 517 παῖ.
901 478 1039 518 Kock.
1072 478 1166 519 Non
1200 480 1319 519 recte
1351 477 1504 525 πάντας
1535 471 1590 518 εὖ
1622 478 1707 529 BL,
1740 489 1844 519 nam
1871 479 2050 530 iungen-

340 547 443 586 dum
492 550 561 587 est
607 546 711 587 οὕτω
759 545 908 599 φέρειν.
953 546 1034 586 Sed
1083 546 1235 586 malim
1270 544 1357 585 τὸν
1399 547 1589 598 πλοῦτον,
1628 556 1733 587 nam
1773 547 2052 589 incommode

339 615 463 655 abest
494 615 721 655 articulus.
756 638 807 643 —
843 614 904 654 Vs
938 615 976 654 2.
1010 613 1124 664 Lege
1157 609 1403 668 γί<γ>νετ’.

281 682 348 722 Fr.
383 684 483 723 325.
522 685 558 722 1.
594 683 782 723 Cobet:-

1110 748 1212 800 πρὸς
1243 748 1287 789 τὸ
1318 745 1464 802 πρᾶγμ’
1499 747 1574 801 ἔχω
1606 756 1737 799 κακῶς

431 819 471 856 Β.
509 818 597 859 <οὐ
629 814 814 869 θαῦμ’>,
845 815 1109 869 ἐπαριστέρως
1141 819 1387 864 (accentum
1422 818 1614 859 correxit
1643 819 1803 867 Iacobi)
1834 817 1909 860 κτέ.

341 886 412 926 VS.
446 887 486 926 8.
520 887 583 926 Bl.
617 885 716 926 ἀλλὰ
747 887 895 939 γίνεται
930 887 1035 933 (imo
1071 885 1260 939 γίγνεται)
1289 882 1294 937 Ι
1323 884 1485 938 ἀγαθὸν
1516 881 1581 924 ἀπ’
1615 885 1740 938 αὐτῆς
1771 884 1838 927 καὶ
1867 882 1948 940 μέγ’
1981 887 2051 928 vel

338 950 518 1006 πάμμεγ’.
560 954 823 1005 Corruptum
867 965 965 995 esse
1004 954 1143 1001 παῖδες
1179 954 1290 994 mihi
1320 954 1495 1003 quidem
1530 954 1788 1004 neutiquam
1829 955 2052 1006 persuasit

338 1021 479 1071 Kock,
528 1022 616 1063 imo
664 1033 720 1063 ex
761 1023 933 1072 vulgari
985 1022 1250 1062 Graecorum
1298 1022 1523 1062 sententia
1569 1021 1694 1062 liberi
1739 1023 2054 1064 existimantur

338 1090 596 1138 primarium
624 1091 896 1134 matrimonii
922 1091 1224 1141 commodum,
1254 1092 1299 1130 et
1323 1090 1434 1130 nihil
1452 1090 1600 1131 obstat
1616 1091 1702 1131 alio
1718 1091 1813 1131 loco
1829 1091 2054 1132 Menandri

339 1158 469 1208 (418),
510 1168 639 1207 quem
672 1159 870 1199 obmovit
904 1159 1044 1208 Kock,
1082 1161 1255 1209 patrem
1287 1158 1482 1207 aliquem
1514 1159 1610 1199 sive
1642 1159 1736 1199 iure
1766 1159 1862 1199 sive
1891 1158 2051 1216 iniuria

339 1225 425 1266 filio
462 1227 624 1266 iratum
657 1226 932 1267 exclamare:
976 1221 1064 1266 οἷον
1103 1224 1146 1265 τὸ
1178 1226 1367 1279 γενέσθαι
1399 1224 1548 1278 πατέρα
1580 1226 1739 1266 παίδων
1768 1220 1861 1278 ἧν..
1887 1224 1896 1279 Ι
1922 1226 2051 1279 λύπη,

338 1293 486 1345 φόβος,
516 1294 698 1344 φροντίς,
729 1292 850 1345 πέρας
883 1292 988 1333 ἐστὶν
1020 1291 1116 1334 οὐδὲ
1151 1292 1224 1336 ἕν]
1246 1316 1299 1322 -
1329 1293 1402 1334 VS.
1441 1295 1507 1334 10.
1540 1294 1605 1334 Bl.
1638 1294 1791 1343 probat
1821 1294 2048 1335 correctio·

338 1371 439 1401 nem
472 1372 618 1402 meam
644 1361 712 1401 τὸν
739 1357 871 1414 ἔχονθ’
905 1360 1063 1412 ἑαυτὴν.
1094 1383 1148 1389 —-
1174 1361 1249 1402 Vs.
1286 1362 1353 1401 12.
1386 1362 1521 1402 Recte
1552 1361 1742 1402 fortasse
1773 1362 1891 1403 idem
1920 1360 2050 1414 περιέ-

337 1427 459 1468 στειλέ
504 1425 545 1468 τ’.
597 1430 670 1470 Vs.
719 1431 786 1470 14.
828 1423 873 1469 εὖ
914 1441 991 1480 pro
1030 1419 1129 1468 πᾶν
1155 1429 1439 1479 probabiliter
1479 1429 1631 1480 Cobet,
1670 1429 1735 1469 Bl.
1767 1435 1930 1483 πρᾶγμα
1954 1435 2052 1482 πᾶν,

338 1499 432 1536 tum
471 1495 521 1535 ἂν
558 1495 600 1537 δὲ
631 1496 778 1552 βλέπῃς
806 1498 850 1538 F.
870 1498 938 1538 W.
958 1498 1170 1538 Schmidt.
1206 1520 1260 1526 —
1293 1497 1368 1538 Vs.
1402 1499 1442 1538 6.
1468 1495 1812 1549 προσδοκωμένων
1843 1498 2035 1549 deprava

338 1567 449 1614 tum,
490 1565 566 1605 sed
594 1565 743 1615 procul
770 1565 900 1605 dubio
926 1576 1012 1606 non
1038 1566 1150 1606 latet
1174 1563 1522 1617 προστεθειμένων
1557 1576 1639 1606 nec
1655 1564 2052 1618 προσγεγενημένων,

339 1643 449 1680 quae
494 1635 697 1683 proponit
736 1634 818 1685 Bl.,
862 1634 940 1674 sed
982 1634 1286 1674 necessarium
1327 1635 1397 1673 est
1428 1633 1542 1683 quod
1573 1635 1692 1674 recte
1723 1635 1968 1684 opponatur
1996 1641 2050 1690 τῷ

338 1703 550 1750 λυποῦντι,
577 1702 696 1742 velut
721 1702 1042 1764 προσγελῶν-ζων.
1069 1702 1441 1751 Antiquissimam
1469 1711 1568 1742 esse
1594 1701 1884 1752 corruptelam
1905 1704 2048 1743 osten·

339 1768 449 1808 dunt
483 1780 552 1809 vv.
586 1770 630 1810 ll.
664 1767 1013 1822 προσλεγομένων,
1042 1767 1393 1822 προσγενομένων,
1422 1767 1777 1822 προσλελεγμένων.

280 1835 347 1875 Fr.
382 1837 482 1887 327,
530 1839 554 1877 2
593 1848 655 1887 sq.
699 1838 763 1878 Bl.
812 1838 1074 1895 παράστασιν,
1120 1837 1216 1889 μίαν
1245 1835 1250 1891 Ι
1279 1837 1460 1890 δραχμήν
1505 1838 1696 1879 fortasse
1741 1840 1873 1879 recte.
1914 1839 2050 1880 Actor

338 1905 532 1945 libellum
567 1906 700 1946 tradit
731 1906 948 1946 diaetetae
979 1906 1200 1955 simulque
1231 1906 1503 1956 parastasios
1534 1905 1716 1946 nomine
1746 1906 2019 1947 drachmam.

280 1973 347 2012 Fr.
380 1974 480 2023 328,
514 1974 553 2013 2.
586 1974 648 2014 De
679 1972 861 2013 ἀποίσειν
894 1974 958 2014 Bl.
986 1977 1214 2024 praeterea
1239 1974 1312 2014 ct’t.
1340 1973 1464 2014 Dem.
1491 1984 1531 2023 p.
1551 1974 1650 2024 243,
1674 1974 1725 2013 11
1753 1976 1798 2014 et
1827 1974 1955 2025 1332,
1978 1975 2044 2015 18.

280 2040 346 2079 Fr.
381 2042 480 2080 330.
515 2042 579 2081 Bl.
620 2038 697 2080 ἀλλ’
734 2040 784 2081 οὗ
816 2040 862 2080 τὰ
899 2047 1048 2083 <τυῦ>
1086 2041 1179 2093 βίου
1216 2038 1267 2080 ’τι
1308 2039 1362 2080 νὼ
1395 2041 1460 2080 δεῖ
1485 2040 1717 2092 φροντίσαι,
1756 2041 1901 2082 deleto
1933 2040 2048 2093 ἴσως,

337 2109 449 2156 quod
497 2109 611 2149 unde
656 2112 812 2150 natum
853 2109 913 2149 sit
953 2119 1038 2148 non
1080 2109 1287 2159 explicat.
1320 2109 1368 2149 In
1401 2109 1567 2149 omisso
1598 2108 1783 2149 articulo
1814 2109 1974 2149 haereo
2001 2111 2047 2150 et

337 2177 446 2226 ipse,
480 2187 559 2216 nec
589 2177 843 2227 scrupulum
876 2177 1029 2217 evellit
1059 2177 1110 2217 fr.
1139 2177 1240 2227 410,
1266 2178 1310 2226 2,
1345 2177 1418 2226 qui
1445 2176 1585 2226 locuS,
1616 2176 1688 2216 ubi
1715 2178 1818 2216 ante
1844 2176 2043 2225 Grotium

337 2246 431 2283 erat
460 2250 530 2283 τοῦ
561 2244 674 2295 βίου,
706 2255 811 2284 num
845 2244 899 2284 ab
932 2245 1054 2284 omni
1086 2246 1210 2294 parte
1242 2254 1379 2284 sanus
1410 2244 1472 2284 sit
1502 2243 1666 2283 dubito.
1696 2244 1824 2284 Venit
1856 2244 1901 2284 in
1924 2254 2044 2285 men·

336 2315 451 2352 tem:
500 2308 578 2351 om'
628 2311 677 2352 οὐ
710 2309 811 2351 τάδ’
845 2313 913 2359 (cf.
947 2312 1160 2352 Prisciani
1193 2313 1355 2358 locum)
1387 2311 1519 2351 οὕτω
1550 2311 1636 2358 (vel
1667 2310 1723 2350 τὰ
1755 2311 1946 2352 τούτου
1976 2311 2044 2352 νώ

336 2375 383 2430 γ’)
416 2378 509 2427 ἴσως
541 2380 606 2419 δεῖ
628 2380 850 2430 φροντίσαι.
885 2380 967 2420 Sed
999 2379 1179 2420 brevius
1210 2382 1280 2420 est
1310 2380 1609 2429 fragmentum
1642 2389 1774 2428 quam
1806 2379 1923 2429 quod
1948 2381 2045 2420 tuto

336 2451 573 2488 tentemus.

278 2516 343 2554 Fr.
372 2516 458 2556 335
491 2516 600 2556 bene
627 2517 932 2557 constitutum.
963 2516 1141 2556 Inutilia
1169 2516 1333 2566 profert
1349 2516 1413 2556 Bl.
1436 2515 1557 2555 Idem
1578 2515 1695 2556 valet
1709 2516 1762 2555 de
1779 2515 2045 2565 fragmentis

336 2584 435 2631 339,
471 2584 571 2633 342,
607 2585 709 2623 343.

279 2650 342 2688 Fr.
377 2651 476 2699 336,
512 2652 550 2691 2.
586 2650 727 2691 Verba
757 2648 810 2697 ὡς
841 2648 892 2689 ἅν
914 2673 964 2679 -
984 2665 1039 2698 τις
1071 2646 1206 2690 Cobet
1237 2649 1512 2690 Menandreis
1543 2650 1709 2691 addidit
1740 2651 1829 2691 iam
1858 2660 1896 2691 a.
1927 2650 2042 2691 1854

334 2718 406 2756 diu
447 2721 550 2757 ante
583 2718 868 2768 Madvigium,
904 2719 953 2757 ut
985 2718 1159 2758 monuit
1189 2717 1353 2757 Nauck.

278 2784 342 2823 Fr.
376 2786 476 2834 345,
515 2787 550 2824 1.
579 2784 857 2825 Affirmative
880 2785 1046 2825 dictum
1074 2795 1173 2825 esse
1200 2785 1389 2825 sortasse
1415 2787 1531 2825 recte
1558 2788 1709 2826 monet
1736 2785 1801 2828 Bl.
1819 2807 1872 2814 —
1898 2784 1973 2826 Vs.
1999 2784 2041 2825 2.

333 2853 508 2892 Comico
566 2853 757 2893 sermoni
809 2853 954 2902 magis
999 2853 1235 2892 conveniat
1281 2850 1521 2904 ἐνεπλήμην.
1568 2853 1711 2893 Mente
1756 2852 2042 2903 repetendum

333 2919 500 2958 πώποτε.
534 2920 617 2960 Vix
643 2931 752 2970 opus
778 2920 1019 2970 ingeniosis
1045 2919 1203 2960 Naberi
1229 2920 1552 2970 supplementis
1582 2918 1676 2972 <μὰ
1694 2916 1760 2960 Δι’
1781 2919 1857 2960 οὐκ
1872 2915 2036 2973 ἔγωγ’»

334 2985 381 3024 οὐ
423 2986 497 3038 γὰρ
538 2986 794 3039 ἐνεπλήσθην
843 2987 1091 3027 <πώποτε>.
1123 2987 1296 3044 -ᾼνε,
1332 2988 1371 3027 8.
1414 2987 1677 3028 Rectissime
1719 2987 1839 3028 Kock
1877 2987 2042 3038 recepit

335 3054 549 3103 Heringae
591 3056 908 3105 coniecturam,
952 3064 1033 3095 nec
1066 3054 1334 3094 haerendum
1368 3065 1465 3095 cum
1501 3054 1564 3095 Bl.
1598 3056 1642 3095 in
1674 3055 1782 3095 dura
1812 3054 2040 3106 anapaesti

335 3122 560 3172 incisione,
598 3133 708 3172 quae
741 3123 920 3163 nomine
952 3122 1124 3172 proprio
1157 3122 1270 3162 satis
1301 3125 1554 3163 excusatur.

277 3187 341 3226 Fr.
377 3191 475 3238 2355,
510 3192 549 3228 3.
600 3191 715 3230 Bene
763 3189 978 3229 Headlam
1025 3185 1118 3228 καθ’
1168 3187 1239 3236 οὓς
1281 3193 1459 3235 κρινεῖ
1493 3188 1539 3229 τὰ
1579 3185 1769 3242 πράγματ’
1814 3186 1864 3228 οὗ
1901 3193 2039 3242 χρῆται

334 3255 488 3306 νόμοις,
519 3257 595 3296 sed
629 3258 782 3297 malim
817 3259 973 3307 etiam,
1007 3258 1110 3306 quia
1142 3257 1343 3307 displicet
1375 3257 1640 3308 asyndeton,
1679 3255 1856 3299 <κατά>
1892 3252 1931 3294 θ’
1967 3252 2039 3305 οὓς

2203 3378 2216 3522 ιιι-ἀι;«..5.ε;.
2208 3334 2216 3364 ...2
2214 3251 2216 3254 .
